{
  "AAPL": [
    {
      "timestamp": "2025-03-01T09:30:00.025613+00:00",
      "side": "SELL",
      "price": 585.93,
      "quantity": 18,
      "order_type": "LIMIT"
    },
    {
      "timestamp": "2025-03-01T09:30:00.271740+00:00",
      "side": "BUY",
      "price": 585.69,
      "quantity": 20,
      "order_type": "LIMIT"
    },
    {
      "timestamp": "2025-03-01T09:30:00.271740+00:00",
      "side": "SELL",
      "price": 585.82,
      "quantity": 5,
      "order_type": "LIMIT"
    },
    {
      "timestamp": "2025-03-01T09:30:00.394048+00:00",
      "side": "SELL",
      "price": 585.99,
      "quantity": 100,
      "order_type": "LIMIT"
    },
    {
      "timestamp": "2025-03-01T09:30:00.702574+00:00",
      "side": "BUY",
      "price": 585.44,
      "quantity": 67,
      "order_type": "LIMIT"
    },
    {
      "timestamp": "2025-03-01T09:30:01.015180+00:00",
      "side": "BUY",
      "price": 585.66,
      "quantity": 18,
      "order_type": "LIMIT"
    },
    {
      "timestamp": "2025-03-01T09:30:01.151828+00:00",
      "side": "BUY",
      "price": 585.5,
      "quantity": 9,
      "order_type": "LIMIT"
    },
    {
      "timestamp": "2025-03-01T09:30:01.151828+00:00",
      "side": "SELL",
      "price": 586.0,
      "quantity": 20,
      "order_type": "LIMIT"
    },
    {
      "timestamp": "2025-03-01T09:30:01.171317+00:00",
      "side": "BUY",
      "price": 585.47,
      "quantity": 100,
      "order_type": "LIMIT"
    },
    {
      "timestamp": "2025-03-01T09:30:01.188124+00:00",
      "side": "SELL",
      "price": 585.83,
      "quantity": 15,
      "order_type": "LIMIT"
    },
    {
      "timestamp": "2025-03-01T09:30:01.840809+00:00",
      "side": "SELL",
      "price": 585.78,
      "quantity": 18,
      "order_type": "LIMIT"
    },
    {
      "timestamp": "2025-03-01T09:30:02.255391+00:00",
      "side": "SELL",
      "price": 585.72,
      "quantity": 8,
      "order_type": "LIMIT"
    },
    {
      "timestamp": "2025-03-01T09:30:02.565656+00:00",
      "side": "SELL",
      "price": 585.79,
      "quantity": 10,
      "order_type": "LIMIT"
    },
    {
      "timestamp": "2025-03-01T09:30:03.011927+00:00",
      "side": "BUY",
      "price": 585.7,
      "quantity": 66,
      "order_type": "LIMIT"
    },
    {
      "timestamp": "2025-03-01T09:30:03.324375+00:00",
      "side": "BUY",
      "price": 585.47,
      "quantity": 10,
      "order_type": "LIMIT"
    },
    {
      "timestamp": "2025-03-01T09:30:04.328789+00:00",
      "side": "SELL",
      "price": 585.79,
      "quantity": 16,
      "order_type": "LIMIT"
    },
    {
      "timestamp": "2025-03-01T09:30:04.577104+00:00",
      "side": "SELL",
      "price": 585.68,
      "quantity": 900,
      "order_type": "LIMIT"
    },
    {
      "timestamp": "2025-03-01T09:30:05.771754+00:00",
      "side": "SELL",
      "price": 585.67,
      "quantity": 18,
      "order_type": "LIMIT"
    },
    {
      "timestamp": "2025-03-01T09:30:07.531994+00:00",
      "side": "SELL",
      "price": 585.8,
      "quantity": 100,
      "order_type": "LIMIT"
    },
    {
      "timestamp": "2025-03-01T09:30:09.780841+00:00",
      "side": "SELL",
      "price": 585.67,
      "quantity": 18,
      "order_type": "LIMIT"
    },
    {
      "timestamp": "2025-03-01T09:30:10.131548+00:00",
      "side": "SELL",
      "price": 585.66,
      "quantity": 18,
      "order_type": "LIMIT"
    },
    {
      "timestamp": "2025-03-01T09:30:10.902269+00:00",
      "side": "SELL",
      "price": 585.61,
      "quantity": 14,
      "order_type": "LIMIT"
    },
    {
      "timestamp": "2025-03-01T09:30:12.052098+00:00",
      "side": "SELL",
      "price": 585.55,
      "quantity": 18,
      "order_type": "LIMIT"
    },
    {
      "timestamp": "2025-03-01T09:30:12.555647+00:00",
      "side": "SELL",
      "price": 585.5,
      "quantity": 27,
      "order_type": "LIMIT"
    },
    {
      "timestamp": "2025-03-01T09:30:17.205746+00:00",
      "side": "BUY",
      "price": 585.37,
      "quantity": 4,
      "order_type": "LIMIT"
    },
    {
      "timestamp": "2025-03-01T09:30:19.517344+00:00",
      "side": "SELL",
      "price": 585.62,
      "quantity": 18,
      "order_type": "LIMIT"
    },
    {
      "timestamp": "2025-03-01T09:30:21.023829+00:00",
      "side": "SELL",
      "price": 585.58,
      "quantity": 18,
      "order_type": "LIMIT"
    },
    {
      "timestamp": "2025-03-01T09:30:25.019787+00:00",
      "side": "BUY",
      "price": 585.46,
      "quantity": 18,
      "order_type": "LIMIT"
    },
    {
      "timestamp": "2025-03-01T09:30:26.974383+00:00",
      "side": "SELL",
      "price": 585.68,
      "quantity": 18,
      "order_type": "LIMIT"
    },
    {
      "timestamp": "2025-03-01T09:30:27.732534+00:00",
      "side": "SELL",
      "price": 585.79,
      "quantity": 18,
      "order_type": "LIMIT"
    },
    {
      "timestamp": "2025-03-01T09:30:29.582267+00:00",
      "side": "BUY",
      "price": 585.42,
      "quantity": 100,
      "order_type": "LIMIT"
    },
    {
      "timestamp": "2025-03-01T09:30:30.352555+00:00",
      "side": "SELL",
      "price": 585.78,
      "quantity": 18,
      "order_type": "LIMIT"
    },
    {
      "timestamp": "2025-03-01T09:30:32.493237+00:00",
      "side": "BUY",
      "price": 585.53,
      "quantity": 18,
      "order_type": "LIMIT"
    },
    {
      "timestamp": "2025-03-01T09:30:33.465868+00:00",
      "side": "BUY",
      "price": 585.53,
      "quantity": 18,
      "order_type": "LIMIT"
    },
    {
      "timestamp": "2025-03-01T09:30:33.868751+00:00",
      "side": "SELL",
      "price": 585.78,
      "quantity": 18,
      "order_type": "LIMIT"
    },
    {
      "timestamp": "2025-03-01T09:30:34.355450+00:00",
      "side": "BUY",
      "price": 585.51,
      "quantity": 18,
      "order_type": "LIMIT"
    },
    {
      "timestamp": "2025-03-01T09:30:34.742720+00:00",
      "side": "SELL",
      "price": 585.78,
      "quantity": 18,
      "order_type": "LIMIT"
    },
    {
      "timestamp": "2025-03-01T09:30:35.707640+00:00",
      "side": "SELL",
      "price": 585.78,
      "quantity": 18,
      "order_type": "LIMIT"
    },
    {
      "timestamp": "2025-03-01T09:30:37.295364+00:00",
      "side": "SELL",
      "price": 585.73,
      "quantity": 100,
      "order_type": "LIMIT"
    },
    {
      "timestamp": "2025-03-01T09:30:38.384377+00:00",
      "side": "BUY",
      "price": 585.51,
      "quantity": 12,
      "order_type": "LIMIT"
    },
    {
      "timestamp": "2025-03-01T09:30:42.126058+00:00",
      "side": "SELL",
      "price": 585.5,
      "quantity": 100,
      "order_type": "LIMIT"
    },
    {
      "timestamp": "2025-03-01T09:30:43.161738+00:00",
      "side": "SELL",
      "price": 585.51,
      "quantity": 18,
      "order_type": "LIMIT"
    },
    {
      "timestamp": "2025-03-01T09:30:45.694187+00:00",
      "side": "BUY",
      "price": 585.32,
      "quantity": 19,
      "order_type": "LIMIT"
    },
    {
      "timestamp": "2025-03-01T09:30:46.945272+00:00",
      "side": "SELL",
      "price": 585.51,
      "quantity": 100,
      "order_type": "LIMIT"
    },
    {
      "timestamp": "2025-03-01T09:30:47.510722+00:00",
      "side": "BUY",
      "price": 585.21,
      "quantity": 18,
      "order_type": "LIMIT"
    },
    {
      "timestamp": "2025-03-01T09:30:47.598102+00:00",
      "side": "SELL",
      "price": 585.75,
      "quantity": 12,
      "order_type": "LIMIT"
    },
    {
      "timestamp": "2025-03-01T09:30:47.902045+00:00",
      "side": "BUY",
      "price": 585.62,
      "quantity": 18,
      "order_type": "LIMIT"
    },
    {
      "timestamp": "2025-03-01T09:30:49.492934+00:00",
      "side": "BUY",
      "price": 585.37,
      "quantity": 6,
      "order_type": "LIMIT"
    },
    {
      "timestamp": "2025-03-01T09:30:52.023180+00:00",
      "side": "SELL",
      "price": 585.79,
      "quantity": 100,
      "order_type": "LIMIT"
    },
    {
      "timestamp": "2025-03-01T09:30:52.028540+00:00",
      "side": "SELL",
      "price": 585.71,
      "quantity": 100,
      "order_type": "LIMIT"
    },
    {
      "timestamp": "2025-03-01T09:30:52.740105+00:00",
      "side": "BUY",
      "price": 585.36,
      "quantity": 18,
      "order_type": "LIMIT"
    },
    {
      "timestamp": "2025-03-01T09:30:53.687834+00:00",
      "side": "BUY",
      "price": 585.35,
      "quantity": 6,
      "order_type": "LIMIT"
    },
    {
      "timestamp": "2025-03-01T09:30:56.585924+00:00",
      "side": "BUY",
      "price": 585.35,
      "quantity": 18,
      "order_type": "LIMIT"
    },
    {
      "timestamp": "2025-03-01T09:30:57.005573+00:00",
      "side": "SELL",
      "price": 585.61,
      "quantity": 18,
      "order_type": "LIMIT"
    },
    {
      "timestamp": "2025-03-01T09:30:57.635719+00:00",
      "side": "SELL",
      "price": 585.64,
      "quantity": 18,
      "order_type": "LIMIT"
    },
    {
      "timestamp": "2025-03-01T09:30:58.779963+00:00",
      "side": "SELL",
      "price": 585.64,
      "quantity": 18,
      "order_type": "LIMIT"
    },
    {
      "timestamp": "2025-03-01T09:30:59.705495+00:00",
      "side": "BUY",
      "price": 585.34,
      "quantity": 18,
      "order_type": "LIMIT"
    },
    {
      "timestamp": "2025-03-01T09:30:59.732872+00:00",
      "side": "SELL",
      "price": 585.63,
      "quantity": 100,
      "order_type": "LIMIT"
    },
    {
      "timestamp": "2025-03-01T09:30:59.903376+00:00",
      "side": "SELL",
      "price": 585.62,
      "quantity": 18,
      "order_type": "LIMIT"
    },
    {
      "timestamp": "2025-03-01T09:31:00.190091+00:00",
      "side": "BUY",
      "price": 585.35,
      "quantity": 18,
      "order_type": "LIMIT"
    },
    {
      "timestamp": "2025-03-01T09:31:00.748423+00:00",
      "side": "BUY",
      "price": 585.32,
      "quantity": 18,
      "order_type": "LIMIT"
    },
    {
      "timestamp": "2025-03-01T09:31:01.504366+00:00",
      "side": "BUY",
      "price": 585.33,
      "quantity": 18,
      "order_type": "LIMIT"
    },
    {
      "timestamp": "2025-03-01T09:31:01.824211+00:00",
      "side": "BUY",
      "price": 585.36,
      "quantity": 100,
      "order_type": "LIMIT"
    },
    {
      "timestamp": "2025-03-01T09:31:02.359952+00:00",
      "side": "BUY",
      "price": 585.24,
      "quantity": 100,
      "order_type": "LIMIT"
    },
    {
      "timestamp": "2025-03-01T09:31:03.029269+00:00",
      "side": "SELL",
      "price": 585.63,
      "quantity": 100,
      "order_type": "LIMIT"
    },
    {
      "timestamp": "2025-03-01T09:31:04.257122+00:00",
      "side": "BUY",
      "price": 585.35,
      "quantity": 18,
      "order_type": "LIMIT"
    },
    {
      "timestamp": "2025-03-01T09:31:05.697706+00:00",
      "side": "BUY",
      "price": 585.35,
      "quantity": 18,
      "order_type": "LIMIT"
    },
    {
      "timestamp": "2025-03-01T09:31:07.138658+00:00",
      "side": "SELL",
      "price": 585.62,
      "quantity": 100,
      "order_type": "LIMIT"
    },
    {
      "timestamp": "2025-03-01T09:31:10.042513+00:00",
      "side": "BUY",
      "price": 585.19,
      "quantity": 100,
      "order_type": "LIMIT"
    },
    {
      "timestamp": "2025-03-01T09:31:10.231016+00:00",
      "side": "BUY",
      "price": 585.25,
      "quantity": 18,
      "order_type": "LIMIT"
    },
    {
      "timestamp": "2025-03-01T09:31:10.257475+00:00",
      "side": "SELL",
      "price": 585.62,
      "quantity": 18,
      "order_type": "LIMIT"
    },
    {
      "timestamp": "2025-03-01T09:31:11.094188+00:00",
      "side": "BUY",
      "price": 585.31,
      "quantity": 18,
      "order_type": "LIMIT"
    },
    {
      "timestamp": "2025-03-01T09:31:13.137328+00:00",
      "side": "BUY",
      "price": 585.41,
      "quantity": 18,
      "order_type": "LIMIT"
    },
    {
      "timestamp": "2025-03-01T09:31:14.644102+00:00",
      "side": "SELL",
      "price": 585.64,
      "quantity": 18,
      "order_type": "LIMIT"
    },
    {
      "timestamp": "2025-03-01T09:31:17.381977+00:00",
      "side": "SELL",
      "price": 585.64,
      "quantity": 100,
      "order_type": "LIMIT"
    },
    {
      "timestamp": "2025-03-01T09:31:18.336338+00:00",
      "side": "BUY",
      "price": 585.41,
      "quantity": 18,
      "order_type": "LIMIT"
    },
    {
      "timestamp": "2025-03-01T09:31:19.100930+00:00",
      "side": "BUY",
      "price": 585.45,
      "quantity": 18,
      "order_type": "LIMIT"
    },
    {
      "timestamp": "2025-03-01T09:31:20.952482+00:00",
      "side": "BUY",
      "price": 585.44,
      "quantity": 18,
      "order_type": "LIMIT"
    },
    {
      "timestamp": "2025-03-01T09:31:21.313845+00:00",
      "side": "BUY",
      "price": 585.44,
      "quantity": 18,
      "order_type": "LIMIT"
    },
    {
      "timestamp": "2025-03-01T09:31:21.363082+00:00",
      "side": "SELL",
      "price": 585.63,
      "quantity": 100,
      "order_type": "LIMIT"
    },
    {
      "timestamp": "2025-03-01T09:31:22.643502+00:00",
      "side": "BUY",
      "price": 585.29,
      "quantity": 100,
      "order_type": "LIMIT"
    },
    {
      "timestamp": "2025-03-01T09:31:23.725707+00:00",
      "side": "SELL",
      "price": 585.61,
      "quantity": 100,
      "order_type": "LIMIT"
    },
    {
      "timestamp": "2025-03-01T09:31:24.337926+00:00",
      "side": "SELL",
      "price": 585.59,
      "quantity": 100,
      "order_type": "LIMIT"
    },
    {
      "timestamp": "2025-03-01T09:31:24.644821+00:00",
      "side": "BUY",
      "price": 585.27,
      "quantity": 18,
      "order_type": "LIMIT"
    },
    {
      "timestamp": "2025-03-01T09:31:25.203481+00:00",
      "side": "SELL",
      "price": 585.53,
      "quantity": 100,
      "order_type": "LIMIT"
    },
    {
      "timestamp": "2025-03-01T09:31:25.877742+00:00",
      "side": "SELL",
      "price": 585.48,
      "quantity": 100,
      "order_type": "LIMIT"
    },
    {
      "timestamp": "2025-03-01T09:31:26.038946+00:00",
      "side": "BUY",
      "price": 585.27,
      "quantity": 14,
      "order_type": "LIMIT"
    },
    {
      "timestamp": "2025-03-01T09:31:26.935078+00:00",
      "side": "SELL",
      "price": 585.41,
      "quantity": 100,
      "order_type": "LIMIT"
    },
    {
      "timestamp": "2025-03-01T09:31:27.254774+00:00",
      "side": "BUY",
      "price": 585.27,
      "quantity": 18,
      "order_type": "LIMIT"
    },
    {
      "timestamp": "2025-03-01T09:31:27.722140+00:00",
      "side": "SELL",
      "price": 585.53,
      "quantity": 18,
      "order_type": "LIMIT"
    },
    {
      "timestamp": "2025-03-01T09:31:27.725887+00:00",
      "side": "BUY",
      "price": 585.22,
      "quantity": 7,
      "order_type": "LIMIT"
    },
    {
      "timestamp": "2025-03-01T09:31:27.850965+00:00",
      "side": "SELL",
      "price": 585.51,
      "quantity": 18,
      "order_type": "LIMIT"
    },
    {
      "timestamp": "2025-03-01T09:31:27.910778+00:00",
      "side": "SELL",
      "price": 585.27,
      "quantity": 100,
      "order_type": "LIMIT"
    },
    {
      "timestamp": "2025-03-01T09:31:27.992684+00:00",
      "side": "BUY",
      "price": 585.0,
      "quantity": 10,
      "order_type": "LIMIT"
    },
    {
      "timestamp": "2025-03-01T09:31:28.232231+00:00",
      "side": "SELL",
      "price": 585.15,
      "quantity": 100,
      "order_type": "LIMIT"
    },
    {
      "timestamp": "2025-03-01T09:31:28.727282+00:00",
      "side": "BUY",
      "price": 584.79,
      "quantity": 200,
      "order_type": "LIMIT"
    },
    {
      "timestamp": "2025-03-01T09:31:29.527050+00:00",
      "side": "SELL",
      "price": 584.95,
      "quantity": 100,
      "order_type": "LIMIT"
    },
    {
      "timestamp": "2025-03-01T09:31:31.202240+00:00",
      "side": "SELL",
      "price": 585.12,
      "quantity": 200,
      "order_type": "LIMIT"
    },
    {
      "timestamp": "2025-03-01T09:31:31.748542+00:00",
      "side": "SELL",
      "price": 585.49,
      "quantity": 100,
      "order_type": "LIMIT"
    },
    {
      "timestamp": "2025-03-01T09:31:36.008511+00:00",
      "side": "SELL",
      "price": 584.94,
      "quantity": 2,
      "order_type": "LIMIT"
    },
    {
      "timestamp": "2025-03-01T09:31:38.707425+00:00",
      "side": "SELL",
      "price": 585.01,
      "quantity": 100,
      "order_type": "LIMIT"
    },
    {
      "timestamp": "2025-03-01T09:31:43.696583+00:00",
      "side": "SELL",
      "price": 584.94,
      "quantity": 100,
      "order_type": "LIMIT"
    },
    {
      "timestamp": "2025-03-01T09:31:45.109110+00:00",
      "side": "SELL",
      "price": 585.08,
      "quantity": 20,
      "order_type": "LIMIT"
    },
    {
      "timestamp": "2025-03-01T09:31:45.116908+00:00",
      "side": "SELL",
      "price": 585.14,
      "quantity": 100,
      "order_type": "LIMIT"
    },
    {
      "timestamp": "2025-03-01T09:31:45.125661+00:00",
      "side": "SELL",
      "price": 585.21,
      "quantity": 100,
      "order_type": "LIMIT"
    },
    {
      "timestamp": "2025-03-01T09:31:45.131602+00:00",
      "side": "SELL",
      "price": 585.24,
      "quantity": 200,
      "order_type": "LIMIT"
    },
    {
      "timestamp": "2025-03-01T09:31:45.850785+00:00",
      "side": "BUY",
      "price": 584.67,
      "quantity": 20,
      "order_type": "LIMIT"
    },
    {
      "timestamp": "2025-03-01T09:31:47.148348+00:00",
      "side": "SELL",
      "price": 585.18,
      "quantity": 100,
      "order_type": "LIMIT"
    },
    {
      "timestamp": "2025-03-01T09:31:49.397582+00:00",
      "side": "SELL",
      "price": 585.14,
      "quantity": 1,
      "order_type": "LIMIT"
    },
    {
      "timestamp": "2025-03-01T09:31:49.623712+00:00",
      "side": "SELL",
      "price": 585.39,
      "quantity": 1,
      "order_type": "LIMIT"
    },
    {
      "timestamp": "2025-03-01T09:31:49.799235+00:00",
      "side": "SELL",
      "price": 585.04,
      "quantity": 1,
      "order_type": "LIMIT"
    },
    {
      "timestamp": "2025-03-01T09:31:50.002068+00:00",
      "side": "SELL",
      "price": 585.35,
      "quantity": 1,
      "order_type": "LIMIT"
    },
    {
      "timestamp": "2025-03-01T09:31:50.121685+00:00",
      "side": "SELL",
      "price": 585.39,
      "quantity": 1,
      "order_type": "LIMIT"
    },
    {
      "timestamp": "2025-03-01T09:31:50.315473+00:00",
      "side": "SELL",
      "price": 585.24,
      "quantity": 18,
      "order_type": "LIMIT"
    },
    {
      "timestamp": "2025-03-01T09:31:50.959917+00:00",
      "side": "SELL",
      "price": 585.39,
      "quantity": 1,
      "order_type": "LIMIT"
    },
    {
      "timestamp": "2025-03-01T09:31:51.217587+00:00",
      "side": "SELL",
      "price": 585.05,
      "quantity": 1,
      "order_type": "LIMIT"
    },
    {
      "timestamp": "2025-03-01T09:31:51.408708+00:00",
      "side": "SELL",
      "price": 585.05,
      "quantity": 100,
      "order_type": "LIMIT"
    },
    {
      "timestamp": "2025-03-01T09:31:51.648332+00:00",
      "side": "SELL",
      "price": 585.35,
      "quantity": 1,
      "order_type": "LIMIT"
    },
    {
      "timestamp": "2025-03-01T09:31:52.086682+00:00",
      "side": "SELL",
      "price": 585.04,
      "quantity": 1,
      "order_type": "LIMIT"
    },
    {
      "timestamp": "2025-03-01T09:31:52.364959+00:00",
      "side": "SELL",
      "price": 585.24,
      "quantity": 1,
      "order_type": "LIMIT"
    },
    {
      "timestamp": "2025-03-01T09:31:52.696263+00:00",
      "side": "SELL",
      "price": 585.04,
      "quantity": 1,
      "order_type": "LIMIT"
    },
    {
      "timestamp": "2025-03-01T09:31:52.954218+00:00",
      "side": "SELL",
      "price": 585.04,
      "quantity": 1,
      "order_type": "LIMIT"
    },
    {
      "timestamp": "2025-03-01T09:31:54.033432+00:00",
      "side": "BUY",
      "price": 584.67,
      "quantity": 100,
      "order_type": "LIMIT"
    },
    {
      "timestamp": "2025-03-01T09:31:54.192608+00:00",
      "side": "SELL",
      "price": 585.24,
      "quantity": 400,
      "order_type": "LIMIT"
    },
    {
      "timestamp": "2025-03-01T09:31:54.519551+00:00",
      "side": "SELL",
      "price": 585.22,
      "quantity": 200,
      "order_type": "LIMIT"
    },
    {
      "timestamp": "2025-03-01T09:31:54.720648+00:00",
      "side": "SELL",
      "price": 585.17,
      "quantity": 200,
      "order_type": "LIMIT"
    },
    {
      "timestamp": "2025-03-01T09:31:55.665349+00:00",
      "side": "SELL",
      "price": 585.22,
      "quantity": 200,
      "order_type": "LIMIT"
    },
    {
      "timestamp": "2025-03-01T09:31:56.782982+00:00",
      "side": "SELL",
      "price": 585.15,
      "quantity": 100,
      "order_type": "LIMIT"
    },
    {
      "timestamp": "2025-03-01T09:31:58.140509+00:00",
      "side": "SELL",
      "price": 585.29,
      "quantity": 100,
      "order_type": "LIMIT"
    },
    {
      "timestamp": "2025-03-01T09:31:58.937717+00:00",
      "side": "SELL",
      "price": 585.29,
      "quantity": 300,
      "order_type": "LIMIT"
    },
    {
      "timestamp": "2025-03-01T09:32:02.160386+00:00",
      "side": "SELL",
      "price": 585.28,
      "quantity": 100,
      "order_type": "LIMIT"
    },
    {
      "timestamp": "2025-03-01T09:32:04.500212+00:00",
      "side": "BUY",
      "price": 584.88,
      "quantity": 300,
      "order_type": "LIMIT"
    },
    {
      "timestamp": "2025-03-01T09:32:07.984171+00:00",
      "side": "BUY",
      "price": 584.97,
      "quantity": 100,
      "order_type": "LIMIT"
    },
    {
      "timestamp": "2025-03-01T09:32:08.326617+00:00",
      "side": "BUY",
      "price": 585.02,
      "quantity": 100,
      "order_type": "LIMIT"
    },
    {
      "timestamp": "2025-03-01T09:32:09.836439+00:00",
      "side": "SELL",
      "price": 585.27,
      "quantity": 100,
      "order_type": "LIMIT"
    },
    {
      "timestamp": "2025-03-01T09:32:10.066217+00:00",
      "side": "SELL",
      "price": 585.52,
      "quantity": 200,
      "order_type": "LIMIT"
    },
    {
      "timestamp": "2025-03-01T09:32:12.165493+00:00",
      "side": "BUY",
      "price": 585.01,
      "quantity": 20,
      "order_type": "LIMIT"
    },
    {
      "timestamp": "2025-03-01T09:32:15.195685+00:00",
      "side": "BUY",
      "price": 584.93,
      "quantity": 100,
      "order_type": "LIMIT"
    },
    {
      "timestamp": "2025-03-01T09:32:16.253220+00:00",
      "side": "SELL",
      "price": 585.2,
      "quantity": 113,
      "order_type": "LIMIT"
    },
    {
      "timestamp": "2025-03-01T09:32:21.265377+00:00",
      "side": "SELL",
      "price": 585.0,
      "quantity": 13,
      "order_type": "LIMIT"
    },
    {
      "timestamp": "2025-03-01T09:32:26.634475+00:00",
      "side": "SELL",
      "price": 585.32,
      "quantity": 1,
      "order_type": "LIMIT"
    },
    {
      "timestamp": "2025-03-01T09:32:26.843073+00:00",
      "side": "SELL",
      "price": 585.32,
      "quantity": 1,
      "order_type": "LIMIT"
    },
    {
      "timestamp": "2025-03-01T09:32:27.146759+00:00",
      "side": "SELL",
      "price": 585.21,
      "quantity": 100,
      "order_type": "LIMIT"
    },
    {
      "timestamp": "2025-03-01T09:32:27.390142+00:00",
      "side": "SELL",
      "price": 585.2,
      "quantity": 1,
      "order_type": "LIMIT"
    },
    {
      "timestamp": "2025-03-01T09:32:28.842370+00:00",
      "side": "BUY",
      "price": 584.79,
      "quantity": 100,
      "order_type": "LIMIT"
    },
    {
      "timestamp": "2025-03-01T09:32:29.819935+00:00",
      "side": "SELL",
      "price": 585.39,
      "quantity": 1,
      "order_type": "LIMIT"
    },
    {
      "timestamp": "2025-03-01T09:32:33.019211+00:00",
      "side": "BUY",
      "price": 584.86,
      "quantity": 100,
      "order_type": "LIMIT"
    },
    {
      "timestamp": "2025-03-01T09:32:40.125964+00:00",
      "side": "SELL",
      "price": 585.17,
      "quantity": 18,
      "order_type": "LIMIT"
    },
    {
      "timestamp": "2025-03-01T09:32:41.014728+00:00",
      "side": "SELL",
      "price": 585.14,
      "quantity": 1,
      "order_type": "LIMIT"
    },
    {
      "timestamp": "2025-03-01T09:32:44.404738+00:00",
      "side": "BUY",
      "price": 584.96,
      "quantity": 100,
      "order_type": "LIMIT"
    },
    {
      "timestamp": "2025-03-01T09:32:44.563484+00:00",
      "side": "SELL",
      "price": 585.0,
      "quantity": 50,
      "order_type": "LIMIT"
    },
    {
      "timestamp": "2025-03-01T09:32:45.461434+00:00",
      "side": "SELL",
      "price": 585.18,
      "quantity": 200,
      "order_type": "LIMIT"
    },
    {
      "timestamp": "2025-03-01T09:32:48.744334+00:00",
      "side": "SELL",
      "price": 585.15,
      "quantity": 100,
      "order_type": "LIMIT"
    },
    {
      "timestamp": "2025-03-01T09:32:51.631924+00:00",
      "side": "BUY",
      "price": 584.94,
      "quantity": 20,
      "order_type": "LIMIT"
    },
    {
      "timestamp": "2025-03-01T09:32:55.019759+00:00",
      "side": "BUY",
      "price": 585.05,
      "quantity": 100,
      "order_type": "LIMIT"
    },
    {
      "timestamp": "2025-03-01T09:32:55.942472+00:00",
      "side": "BUY",
      "price": 585.17,
      "quantity": 100,
      "order_type": "LIMIT"
    },
    {
      "timestamp": "2025-03-01T09:32:55.950010+00:00",
      "side": "BUY",
      "price": 585.07,
      "quantity": 100,
      "order_type": "LIMIT"
    },
    {
      "timestamp": "2025-03-01T09:32:56.019031+00:00",
      "side": "BUY",
      "price": 585.18,
      "quantity": 100,
      "order_type": "LIMIT"
    },
    {
      "timestamp": "2025-03-01T09:32:56.024232+00:00",
      "side": "BUY",
      "price": 585.19,
      "quantity": 100,
      "order_type": "LIMIT"
    },
    {
      "timestamp": "2025-03-01T09:32:56.031543+00:00",
      "side": "BUY",
      "price": 585.23,
      "quantity": 100,
      "order_type": "LIMIT"
    },
    {
      "timestamp": "2025-03-01T09:32:56.086738+00:00",
      "side": "SELL",
      "price": 585.47,
      "quantity": 100,
      "order_type": "LIMIT"
    },
    {
      "timestamp": "2025-03-01T09:32:56.447595+00:00",
      "side": "BUY",
      "price": 585.22,
      "quantity": 100,
      "order_type": "LIMIT"
    },
    {
      "timestamp": "2025-03-01T09:32:56.493260+00:00",
      "side": "BUY",
      "price": 585.24,
      "quantity": 100,
      "order_type": "LIMIT"
    },
    {
      "timestamp": "2025-03-01T09:32:57.951635+00:00",
      "side": "BUY",
      "price": 585.27,
      "quantity": 100,
      "order_type": "LIMIT"
    },
    {
      "timestamp": "2025-03-01T09:32:59.288337+00:00",
      "side": "SELL",
      "price": 585.53,
      "quantity": 100,
      "order_type": "LIMIT"
    },
    {
      "timestamp": "2025-03-01T09:32:59.868895+00:00",
      "side": "SELL",
      "price": 585.59,
      "quantity": 100,
      "order_type": "LIMIT"
    },
    {
      "timestamp": "2025-03-01T09:33:00.653233+00:00",
      "side": "BUY",
      "price": 585.41,
      "quantity": 100,
      "order_type": "LIMIT"
    },
    {
      "timestamp": "2025-03-01T09:33:01.220329+00:00",
      "side": "BUY",
      "price": 585.32,
      "quantity": 100,
      "order_type": "LIMIT"
    },
    {
      "timestamp": "2025-03-01T09:33:03.171447+00:00",
      "side": "SELL",
      "price": 585.77,
      "quantity": 100,
      "order_type": "LIMIT"
    },
    {
      "timestamp": "2025-03-01T09:33:03.406762+00:00",
      "side": "BUY",
      "price": 584.85,
      "quantity": 54,
      "order_type": "LIMIT"
    },
    {
      "timestamp": "2025-03-01T09:33:03.540346+00:00",
      "side": "BUY",
      "price": 585.16,
      "quantity": 200,
      "order_type": "LIMIT"
    },
    {
      "timestamp": "2025-03-01T09:33:03.560164+00:00",
      "side": "BUY",
      "price": 585.15,
      "quantity": 200,
      "order_type": "LIMIT"
    },
    {
      "timestamp": "2025-03-01T09:33:03.586972+00:00",
      "side": "BUY",
      "price": 585.15,
      "quantity": 200,
      "order_type": "LIMIT"
    },
    {
      "timestamp": "2025-03-01T09:33:04.066315+00:00",
      "side": "SELL",
      "price": 585.61,
      "quantity": 18,
      "order_type": "LIMIT"
    },
    {
      "timestamp": "2025-03-01T09:33:04.662437+00:00",
      "side": "BUY",
      "price": 585.14,
      "quantity": 100,
      "order_type": "LIMIT"
    },
    {
      "timestamp": "2025-03-01T09:33:05.243080+00:00",
      "side": "BUY",
      "price": 585.27,
      "quantity": 201,
      "order_type": "LIMIT"
    },
    {
      "timestamp": "2025-03-01T09:33:05.265850+00:00",
      "side": "BUY",
      "price": 585.27,
      "quantity": 201,
      "order_type": "LIMIT"
    },
    {
      "timestamp": "2025-03-01T09:33:05.318023+00:00",
      "side": "BUY",
      "price": 585.27,
      "quantity": 201,
      "order_type": "LIMIT"
    },
    {
      "timestamp": "2025-03-01T09:33:05.422632+00:00",
      "side": "SELL",
      "price": 585.64,
      "quantity": 18,
      "order_type": "LIMIT"
    },
    {
      "timestamp": "2025-03-01T09:33:06.625080+00:00",
      "side": "SELL",
      "price": 585.61,
      "quantity": 18,
      "order_type": "LIMIT"
    },
    {
      "timestamp": "2025-03-01T09:33:07.366855+00:00",
      "side": "BUY",
      "price": 585.26,
      "quantity": 151,
      "order_type": "LIMIT"
    },
    {
      "timestamp": "2025-03-01T09:33:07.805801+00:00",
      "side": "BUY",
      "price": 585.26,
      "quantity": 151,
      "order_type": "LIMIT"
    },
    {
      "timestamp": "2025-03-01T09:33:09.164068+00:00",
      "side": "BUY",
      "price": 585.39,
      "quantity": 151,
      "order_type": "LIMIT"
    },
    {
      "timestamp": "2025-03-01T09:33:09.210772+00:00",
      "side": "BUY",
      "price": 585.39,
      "quantity": 151,
      "order_type": "LIMIT"
    },
    {
      "timestamp": "2025-03-01T09:33:09.600403+00:00",
      "side": "SELL",
      "price": 585.64,
      "quantity": 18,
      "order_type": "LIMIT"
    },
    {
      "timestamp": "2025-03-01T09:33:09.608489+00:00",
      "side": "SELL",
      "price": 585.59,
      "quantity": 100,
      "order_type": "LIMIT"
    },
    {
      "timestamp": "2025-03-01T09:33:10.263277+00:00",
      "side": "SELL",
      "price": 585.59,
      "quantity": 18,
      "order_type": "LIMIT"
    },
    {
      "timestamp": "2025-03-01T09:33:12.535438+00:00",
      "side": "SELL",
      "price": 585.62,
      "quantity": 18,
      "order_type": "LIMIT"
    },
    {
      "timestamp": "2025-03-01T09:33:14.292140+00:00",
      "side": "BUY",
      "price": 585.08,
      "quantity": 100,
      "order_type": "LIMIT"
    },
    {
      "timestamp": "2025-03-01T09:33:15.844312+00:00",
      "side": "BUY",
      "price": 585.21,
      "quantity": 2,
      "order_type": "LIMIT"
    },
    {
      "timestamp": "2025-03-01T09:33:15.860420+00:00",
      "side": "BUY",
      "price": 585.14,
      "quantity": 200,
      "order_type": "LIMIT"
    },
    {
      "timestamp": "2025-03-01T09:33:16.208172+00:00",
      "side": "BUY",
      "price": 585.14,
      "quantity": 18,
      "order_type": "LIMIT"
    },
    {
      "timestamp": "2025-03-01T09:33:16.729199+00:00",
      "side": "BUY",
      "price": 585.15,
      "quantity": 18,
      "order_type": "LIMIT"
    },
    {
      "timestamp": "2025-03-01T09:33:17.103032+00:00",
      "side": "BUY",
      "price": 585.47,
      "quantity": 12,
      "order_type": "LIMIT"
    },
    {
      "timestamp": "2025-03-01T09:33:17.320718+00:00",
      "side": "BUY",
      "price": 585.3,
      "quantity": 20,
      "order_type": "LIMIT"
    },
    {
      "timestamp": "2025-03-01T09:33:17.399623+00:00",
      "side": "BUY",
      "price": 585.54,
      "quantity": 20,
      "order_type": "LIMIT"
    },
    {
      "timestamp": "2025-03-01T09:33:17.463122+00:00",
      "side": "BUY",
      "price": 585.53,
      "quantity": 18,
      "order_type": "LIMIT"
    },
    {
      "timestamp": "2025-03-01T09:33:17.508301+00:00",
      "side": "SELL",
      "price": 585.88,
      "quantity": 100,
      "order_type": "LIMIT"
    },
    {
      "timestamp": "2025-03-01T09:33:17.762364+00:00",
      "side": "SELL",
      "price": 585.87,
      "quantity": 100,
      "order_type": "LIMIT"
    },
    {
      "timestamp": "2025-03-01T09:33:17.775015+00:00",
      "side": "BUY",
      "price": 585.46,
      "quantity": 200,
      "order_type": "LIMIT"
    },
    {
      "timestamp": "2025-03-01T09:33:17.855198+00:00",
      "side": "BUY",
      "price": 585.34,
      "quantity": 200,
      "order_type": "LIMIT"
    },
    {
      "timestamp": "2025-03-01T09:33:18.098405+00:00",
      "side": "BUY",
      "price": 585.43,
      "quantity": 18,
      "order_type": "LIMIT"
    },
    {
      "timestamp": "2025-03-01T09:33:18.272572+00:00",
      "side": "BUY",
      "price": 585.44,
      "quantity": 18,
      "order_type": "LIMIT"
    },
    {
      "timestamp": "2025-03-01T09:33:18.803849+00:00",
      "side": "BUY",
      "price": 585.55,
      "quantity": 18,
      "order_type": "LIMIT"
    },
    {
      "timestamp": "2025-03-01T09:33:19.175244+00:00",
      "side": "BUY",
      "price": 585.63,
      "quantity": 6,
      "order_type": "LIMIT"
    },
    {
      "timestamp": "2025-03-01T09:33:19.233659+00:00",
      "side": "BUY",
      "price": 585.66,
      "quantity": 100,
      "order_type": "LIMIT"
    },
    {
      "timestamp": "2025-03-01T09:33:19.270661+00:00",
      "side": "SELL",
      "price": 586.2,
      "quantity": 200,
      "order_type": "LIMIT"
    },
    {
      "timestamp": "2025-03-01T09:33:19.344997+00:00",
      "side": "SELL",
      "price": 586.17,
      "quantity": 100,
      "order_type": "LIMIT"
    },
    {
      "timestamp": "2025-03-01T09:33:19.406235+00:00",
      "side": "BUY",
      "price": 586.1,
      "quantity": 100,
      "order_type": "LIMIT"
    },
    {
      "timestamp": "2025-03-01T09:33:19.538804+00:00",
      "side": "SELL",
      "price": 586.49,
      "quantity": 200,
      "order_type": "LIMIT"
    },
    {
      "timestamp": "2025-03-01T09:33:19.734102+00:00",
      "side": "BUY",
      "price": 586.31,
      "quantity": 100,
      "order_type": "LIMIT"
    },
    {
      "timestamp": "2025-03-01T09:33:19.875609+00:00",
      "side": "BUY",
      "price": 586.37,
      "quantity": 100,
      "order_type": "LIMIT"
    },
    {
      "timestamp": "2025-03-01T09:33:20.062728+00:00",
      "side": "BUY",
      "price": 586.18,
      "quantity": 100,
      "order_type": "LIMIT"
    },
    {
      "timestamp": "2025-03-01T09:33:20.070339+00:00",
      "side": "BUY",
      "price": 586.23,
      "quantity": 100,
      "order_type": "LIMIT"
    },
    {
      "timestamp": "2025-03-01T09:33:20.078739+00:00",
      "side": "BUY",
      "price": 586.23,
      "quantity": 16,
      "order_type": "LIMIT"
    },
    {
      "timestamp": "2025-03-01T09:33:20.079550+00:00",
      "side": "BUY",
      "price": 586.36,
      "quantity": 100,
      "order_type": "LIMIT"
    },
    {
      "timestamp": "2025-03-01T09:33:20.102983+00:00",
      "side": "BUY",
      "price": 586.06,
      "quantity": 104,
      "order_type": "LIMIT"
    },
    {
      "timestamp": "2025-03-01T09:33:20.133555+00:00",
      "side": "SELL",
      "price": 586.59,
      "quantity": 200,
      "order_type": "LIMIT"
    },
    {
      "timestamp": "2025-03-01T09:33:20.276478+00:00",
      "side": "SELL",
      "price": 586.66,
      "quantity": 200,
      "order_type": "LIMIT"
    },
    {
      "timestamp": "2025-03-01T09:33:20.295652+00:00",
      "side": "BUY",
      "price": 586.34,
      "quantity": 18,
      "order_type": "LIMIT"
    },
    {
      "timestamp": "2025-03-01T09:33:20.374654+00:00",
      "side": "BUY",
      "price": 586.57,
      "quantity": 50,
      "order_type": "LIMIT"
    },
    {
      "timestamp": "2025-03-01T09:33:20.412017+00:00",
      "side": "BUY",
      "price": 586.06,
      "quantity": 104,
      "order_type": "LIMIT"
    },
    {
      "timestamp": "2025-03-01T09:33:20.428398+00:00",
      "side": "BUY",
      "price": 585.99,
      "quantity": 200,
      "order_type": "LIMIT"
    },
    {
      "timestamp": "2025-03-01T09:33:20.579204+00:00",
      "side": "SELL",
      "price": 586.68,
      "quantity": 100,
      "order_type": "LIMIT"
    },
    {
      "timestamp": "2025-03-01T09:33:20.709918+00:00",
      "side": "BUY",
      "price": 586.06,
      "quantity": 104,
      "order_type": "LIMIT"
    },
    {
      "timestamp": "2025-03-01T09:33:20.716299+00:00",
      "side": "BUY",
      "price": 586.35,
      "quantity": 100,
      "order_type": "LIMIT"
    },
    {
      "timestamp": "2025-03-01T09:33:20.723148+00:00",
      "side": "BUY",
      "price": 586.18,
      "quantity": 100,
      "order_type": "LIMIT"
    },
    {
      "timestamp": "2025-03-01T09:33:20.865139+00:00",
      "side": "BUY",
      "price": 586.11,
      "quantity": 100,
      "order_type": "LIMIT"
    },
    {
      "timestamp": "2025-03-01T09:33:21.123553+00:00",
      "side": "SELL",
      "price": 586.64,
      "quantity": 100,
      "order_type": "LIMIT"
    },
    {
      "timestamp": "2025-03-01T09:33:21.189237+00:00",
      "side": "BUY",
      "price": 586.19,
      "quantity": 100,
      "order_type": "LIMIT"
    },
    {
      "timestamp": "2025-03-01T09:33:21.705887+00:00",
      "side": "BUY",
      "price": 586.26,
      "quantity": 100,
      "order_type": "LIMIT"
    },
    {
      "timestamp": "2025-03-01T09:33:22.597897+00:00",
      "side": "SELL",
      "price": 586.79,
      "quantity": 100,
      "order_type": "LIMIT"
    },
    {
      "timestamp": "2025-03-01T09:33:22.608306+00:00",
      "side": "BUY",
      "price": 586.37,
      "quantity": 100,
      "order_type": "LIMIT"
    },
    {
      "timestamp": "2025-03-01T09:33:23.303839+00:00",
      "side": "BUY",
      "price": 586.33,
      "quantity": 100,
      "order_type": "LIMIT"
    },
    {
      "timestamp": "2025-03-01T09:33:24.192108+00:00",
      "side": "SELL",
      "price": 586.79,
      "quantity": 100,
      "order_type": "LIMIT"
    },
    {
      "timestamp": "2025-03-01T09:33:28.456534+00:00",
      "side": "SELL",
      "price": 586.73,
      "quantity": 100,
      "order_type": "LIMIT"
    },
    {
      "timestamp": "2025-03-01T09:33:29.324561+00:00",
      "side": "SELL",
      "price": 586.73,
      "quantity": 66,
      "order_type": "LIMIT"
    },
    {
      "timestamp": "2025-03-01T09:33:29.348549+00:00",
      "side": "SELL",
      "price": 586.85,
      "quantity": 200,
      "order_type": "LIMIT"
    },
    {
      "timestamp": "2025-03-01T09:33:30.158349+00:00",
      "side": "SELL",
      "price": 586.88,
      "quantity": 200,
      "order_type": "LIMIT"
    },
    {
      "timestamp": "2025-03-01T09:33:30.639024+00:00",
      "side": "SELL",
      "price": 586.88,
      "quantity": 100,
      "order_type": "LIMIT"
    },
    {
      "timestamp": "2025-03-01T09:33:30.652750+00:00",
      "side": "BUY",
      "price": 586.75,
      "quantity": 100,
      "order_type": "LIMIT"
    },
    {
      "timestamp": "2025-03-01T09:33:30.761397+00:00",
      "side": "SELL",
      "price": 587.0,
      "quantity": 6,
      "order_type": "LIMIT"
    },
    {
      "timestamp": "2025-03-01T09:33:30.817194+00:00",
      "side": "SELL",
      "price": 587.06,
      "quantity": 100,
      "order_type": "LIMIT"
    },
    {
      "timestamp": "2025-03-01T09:33:31.729807+00:00",
      "side": "BUY",
      "price": 586.78,
      "quantity": 18,
      "order_type": "LIMIT"
    },
    {
      "timestamp": "2025-03-01T09:33:32.642863+00:00",
      "side": "BUY",
      "price": 586.77,
      "quantity": 18,
      "order_type": "LIMIT"
    },
    {
      "timestamp": "2025-03-01T09:33:32.716877+00:00",
      "side": "SELL",
      "price": 587.0,
      "quantity": 300,
      "order_type": "LIMIT"
    },
    {
      "timestamp": "2025-03-01T09:33:32.843015+00:00",
      "side": "SELL",
      "price": 587.06,
      "quantity": 200,
      "order_type": "LIMIT"
    },
    {
      "timestamp": "2025-03-01T09:33:33.194387+00:00",
      "side": "SELL",
      "price": 587.16,
      "quantity": 200,
      "order_type": "LIMIT"
    },
    {
      "timestamp": "2025-03-01T09:33:33.593332+00:00",
      "side": "BUY",
      "price": 586.79,
      "quantity": 18,
      "order_type": "LIMIT"
    },
    {
      "timestamp": "2025-03-01T09:33:33.990532+00:00",
      "side": "BUY",
      "price": 586.76,
      "quantity": 18,
      "order_type": "LIMIT"
    },
    {
      "timestamp": "2025-03-01T09:33:35.961579+00:00",
      "side": "BUY",
      "price": 586.76,
      "quantity": 100,
      "order_type": "LIMIT"
    },
    {
      "timestamp": "2025-03-01T09:33:36.006978+00:00",
      "side": "BUY",
      "price": 586.83,
      "quantity": 18,
      "order_type": "LIMIT"
    },
    {
      "timestamp": "2025-03-01T09:33:36.616621+00:00",
      "side": "BUY",
      "price": 586.79,
      "quantity": 18,
      "order_type": "LIMIT"
    },
    {
      "timestamp": "2025-03-01T09:33:37.396364+00:00",
      "side": "SELL",
      "price": 587.5,
      "quantity": 100,
      "order_type": "LIMIT"
    },
    {
      "timestamp": "2025-03-01T09:33:39.581909+00:00",
      "side": "SELL",
      "price": 587.02,
      "quantity": 60,
      "order_type": "LIMIT"
    },
    {
      "timestamp": "2025-03-01T09:33:39.603803+00:00",
      "side": "BUY",
      "price": 586.67,
      "quantity": 3,
      "order_type": "LIMIT"
    },
    {
      "timestamp": "2025-03-01T09:33:39.628704+00:00",
      "side": "BUY",
      "price": 586.21,
      "quantity": 100,
      "order_type": "LIMIT"
    },
    {
      "timestamp": "2025-03-01T09:33:39.650095+00:00",
      "side": "BUY",
      "price": 586.33,
      "quantity": 200,
      "order_type": "LIMIT"
    },
    {
      "timestamp": "2025-03-01T09:33:39.661089+00:00",
      "side": "BUY",
      "price": 586.23,
      "quantity": 200,
      "order_type": "LIMIT"
    },
    {
      "timestamp": "2025-03-01T09:33:39.673661+00:00",
      "side": "SELL",
      "price": 586.75,
      "quantity": 60,
      "order_type": "LIMIT"
    },
    {
      "timestamp": "2025-03-01T09:33:39.707987+00:00",
      "side": "BUY",
      "price": 586.22,
      "quantity": 200,
      "order_type": "LIMIT"
    },
    {
      "timestamp": "2025-03-01T09:33:39.730923+00:00",
      "side": "BUY",
      "price": 586.09,
      "quantity": 18,
      "order_type": "LIMIT"
    },
    {
      "timestamp": "2025-03-01T09:33:39.768993+00:00",
      "side": "SELL",
      "price": 586.58,
      "quantity": 200,
      "order_type": "LIMIT"
    },
    {
      "timestamp": "2025-03-01T09:33:40.036660+00:00",
      "side": "SELL",
      "price": 586.68,
      "quantity": 100,
      "order_type": "LIMIT"
    },
    {
      "timestamp": "2025-03-01T09:33:40.048682+00:00",
      "side": "SELL",
      "price": 586.73,
      "quantity": 100,
      "order_type": "LIMIT"
    },
    {
      "timestamp": "2025-03-01T09:33:40.168240+00:00",
      "side": "BUY",
      "price": 585.18,
      "quantity": 100,
      "order_type": "LIMIT"
    },
    {
      "timestamp": "2025-03-01T09:33:40.526863+00:00",
      "side": "BUY",
      "price": 586.01,
      "quantity": 18,
      "order_type": "LIMIT"
    },
    {
      "timestamp": "2025-03-01T09:33:40.564064+00:00",
      "side": "SELL",
      "price": 587.47,
      "quantity": 100,
      "order_type": "LIMIT"
    },
    {
      "timestamp": "2025-03-01T09:33:41.036771+00:00",
      "side": "BUY",
      "price": 585.98,
      "quantity": 18,
      "order_type": "LIMIT"
    },
    {
      "timestamp": "2025-03-01T09:33:41.634146+00:00",
      "side": "SELL",
      "price": 587.0,
      "quantity": 100,
      "order_type": "LIMIT"
    },
    {
      "timestamp": "2025-03-01T09:33:42.866057+00:00",
      "side": "SELL",
      "price": 587.41,
      "quantity": 100,
      "order_type": "LIMIT"
    },
    {
      "timestamp": "2025-03-01T09:33:43.896099+00:00",
      "side": "BUY",
      "price": 586.11,
      "quantity": 18,
      "order_type": "LIMIT"
    },
    {
      "timestamp": "2025-03-01T09:33:45.301658+00:00",
      "side": "BUY",
      "price": 586.15,
      "quantity": 200,
      "order_type": "LIMIT"
    },
    {
      "timestamp": "2025-03-01T09:33:45.312891+00:00",
      "side": "BUY",
      "price": 586.13,
      "quantity": 200,
      "order_type": "LIMIT"
    },
    {
      "timestamp": "2025-03-01T09:33:45.332988+00:00",
      "side": "BUY",
      "price": 586.19,
      "quantity": 200,
      "order_type": "LIMIT"
    },
    {
      "timestamp": "2025-03-01T09:33:46.262979+00:00",
      "side": "BUY",
      "price": 586.2,
      "quantity": 18,
      "order_type": "LIMIT"
    },
    {
      "timestamp": "2025-03-01T09:33:46.824975+00:00",
      "side": "BUY",
      "price": 586.2,
      "quantity": 18,
      "order_type": "LIMIT"
    },
    {
      "timestamp": "2025-03-01T09:33:47.004379+00:00",
      "side": "BUY",
      "price": 586.33,
      "quantity": 100,
      "order_type": "LIMIT"
    },
    {
      "timestamp": "2025-03-01T09:33:51.005802+00:00",
      "side": "BUY",
      "price": 585.17,
      "quantity": 400,
      "order_type": "LIMIT"
    },
    {
      "timestamp": "2025-03-01T09:33:51.077847+00:00",
      "side": "SELL",
      "price": 586.84,
      "quantity": 200,
      "order_type": "LIMIT"
    },
    {
      "timestamp": "2025-03-01T09:33:51.264496+00:00",
      "side": "SELL",
      "price": 586.73,
      "quantity": 100,
      "order_type": "LIMIT"
    },
    {
      "timestamp": "2025-03-01T09:33:52.315657+00:00",
      "side": "BUY",
      "price": 586.62,
      "quantity": 100,
      "order_type": "LIMIT"
    },
    {
      "timestamp": "2025-03-01T09:33:53.190497+00:00",
      "side": "BUY",
      "price": 586.47,
      "quantity": 200,
      "order_type": "LIMIT"
    },
    {
      "timestamp": "2025-03-01T09:33:56.047738+00:00",
      "side": "BUY",
      "price": 585.77,
      "quantity": 200,
      "order_type": "LIMIT"
    },
    {
      "timestamp": "2025-03-01T09:33:56.839162+00:00",
      "side": "BUY",
      "price": 586.61,
      "quantity": 100,
      "order_type": "LIMIT"
    },
    {
      "timestamp": "2025-03-01T09:33:57.258823+00:00",
      "side": "BUY",
      "price": 586.79,
      "quantity": 100,
      "order_type": "LIMIT"
    },
    {
      "timestamp": "2025-03-01T09:33:57.308442+00:00",
      "side": "BUY",
      "price": 586.77,
      "quantity": 100,
      "order_type": "LIMIT"
    },
    {
      "timestamp": "2025-03-01T09:33:57.469182+00:00",
      "side": "BUY",
      "price": 586.62,
      "quantity": 200,
      "order_type": "LIMIT"
    },
    {
      "timestamp": "2025-03-01T09:33:58.321749+00:00",
      "side": "BUY",
      "price": 586.72,
      "quantity": 100,
      "order_type": "LIMIT"
    },
    {
      "timestamp": "2025-03-01T09:33:59.319315+00:00",
      "side": "BUY",
      "price": 586.61,
      "quantity": 20,
      "order_type": "LIMIT"
    },
    {
      "timestamp": "2025-03-01T09:34:00.446755+00:00",
      "side": "SELL",
      "price": 586.98,
      "quantity": 100,
      "order_type": "LIMIT"
    },
    {
      "timestamp": "2025-03-01T09:34:00.824245+00:00",
      "side": "BUY",
      "price": 585.86,
      "quantity": 100,
      "order_type": "LIMIT"
    },
    {
      "timestamp": "2025-03-01T09:34:01.457873+00:00",
      "side": "BUY",
      "price": 586.94,
      "quantity": 37,
      "order_type": "LIMIT"
    },
    {
      "timestamp": "2025-03-01T09:34:01.523353+00:00",
      "side": "BUY",
      "price": 586.88,
      "quantity": 100,
      "order_type": "LIMIT"
    },
    {
      "timestamp": "2025-03-01T09:34:01.529489+00:00",
      "side": "BUY",
      "price": 586.3,
      "quantity": 100,
      "order_type": "LIMIT"
    },
    {
      "timestamp": "2025-03-01T09:34:01.574076+00:00",
      "side": "BUY",
      "price": 586.91,
      "quantity": 18,
      "order_type": "LIMIT"
    },
    {
      "timestamp": "2025-03-01T09:34:01.692720+00:00",
      "side": "SELL",
      "price": 587.07,
      "quantity": 200,
      "order_type": "LIMIT"
    },
    {
      "timestamp": "2025-03-01T09:34:01.731741+00:00",
      "side": "BUY",
      "price": 586.9,
      "quantity": 100,
      "order_type": "LIMIT"
    },
    {
      "timestamp": "2025-03-01T09:34:01.750386+00:00",
      "side": "BUY",
      "price": 586.89,
      "quantity": 18,
      "order_type": "LIMIT"
    },
    {
      "timestamp": "2025-03-01T09:34:01.818621+00:00",
      "side": "BUY",
      "price": 586.82,
      "quantity": 100,
      "order_type": "LIMIT"
    },
    {
      "timestamp": "2025-03-01T09:34:01.851746+00:00",
      "side": "BUY",
      "price": 586.3,
      "quantity": 100,
      "order_type": "LIMIT"
    },
    {
      "timestamp": "2025-03-01T09:34:01.912181+00:00",
      "side": "SELL",
      "price": 587.21,
      "quantity": 100,
      "order_type": "LIMIT"
    },
    {
      "timestamp": "2025-03-01T09:34:01.981758+00:00",
      "side": "SELL",
      "price": 587.09,
      "quantity": 100,
      "order_type": "LIMIT"
    },
    {
      "timestamp": "2025-03-01T09:34:02.096493+00:00",
      "side": "SELL",
      "price": 587.21,
      "quantity": 100,
      "order_type": "LIMIT"
    },
    {
      "timestamp": "2025-03-01T09:34:02.158360+00:00",
      "side": "SELL",
      "price": 587.17,
      "quantity": 100,
      "order_type": "LIMIT"
    },
    {
      "timestamp": "2025-03-01T09:34:02.249775+00:00",
      "side": "SELL",
      "price": 587.09,
      "quantity": 100,
      "order_type": "LIMIT"
    },
    {
      "timestamp": "2025-03-01T09:34:02.317000+00:00",
      "side": "SELL",
      "price": 587.17,
      "quantity": 100,
      "order_type": "LIMIT"
    },
    {
      "timestamp": "2025-03-01T09:34:02.360426+00:00",
      "side": "BUY",
      "price": 586.84,
      "quantity": 18,
      "order_type": "LIMIT"
    },
    {
      "timestamp": "2025-03-01T09:34:02.474862+00:00",
      "side": "SELL",
      "price": 587.14,
      "quantity": 100,
      "order_type": "LIMIT"
    },
    {
      "timestamp": "2025-03-01T09:34:02.785468+00:00",
      "side": "BUY",
      "price": 586.77,
      "quantity": 18,
      "order_type": "LIMIT"
    },
    {
      "timestamp": "2025-03-01T09:34:03.423202+00:00",
      "side": "BUY",
      "price": 586.86,
      "quantity": 18,
      "order_type": "LIMIT"
    },
    {
      "timestamp": "2025-03-01T09:34:03.530804+00:00",
      "side": "SELL",
      "price": 587.16,
      "quantity": 100,
      "order_type": "LIMIT"
    },
    {
      "timestamp": "2025-03-01T09:34:03.603247+00:00",
      "side": "BUY",
      "price": 586.81,
      "quantity": 18,
      "order_type": "LIMIT"
    },
    {
      "timestamp": "2025-03-01T09:34:03.727855+00:00",
      "side": "SELL",
      "price": 587.1,
      "quantity": 100,
      "order_type": "LIMIT"
    },
    {
      "timestamp": "2025-03-01T09:34:04.025711+00:00",
      "side": "BUY",
      "price": 586.77,
      "quantity": 18,
      "order_type": "LIMIT"
    },
    {
      "timestamp": "2025-03-01T09:34:04.146387+00:00",
      "side": "BUY",
      "price": 586.87,
      "quantity": 100,
      "order_type": "LIMIT"
    },
    {
      "timestamp": "2025-03-01T09:34:05.496779+00:00",
      "side": "BUY",
      "price": 587.17,
      "quantity": 100,
      "order_type": "LIMIT"
    },
    {
      "timestamp": "2025-03-01T09:34:05.663110+00:00",
      "side": "SELL",
      "price": 587.48,
      "quantity": 100,
      "order_type": "LIMIT"
    },
    {
      "timestamp": "2025-03-01T09:34:07.704427+00:00",
      "side": "BUY",
      "price": 587.26,
      "quantity": 100,
      "order_type": "LIMIT"
    },
    {
      "timestamp": "2025-03-01T09:34:07.987907+00:00",
      "side": "SELL",
      "price": 587.56,
      "quantity": 100,
      "order_type": "LIMIT"
    },
    {
      "timestamp": "2025-03-01T09:34:08.975553+00:00",
      "side": "SELL",
      "price": 587.46,
      "quantity": 100,
      "order_type": "LIMIT"
    },
    {
      "timestamp": "2025-03-01T09:34:10.436225+00:00",
      "side": "SELL",
      "price": 587.38,
      "quantity": 100,
      "order_type": "LIMIT"
    },
    {
      "timestamp": "2025-03-01T09:34:10.657711+00:00",
      "side": "BUY",
      "price": 587.1,
      "quantity": 18,
      "order_type": "LIMIT"
    },
    {
      "timestamp": "2025-03-01T09:34:11.275816+00:00",
      "side": "BUY",
      "price": 587.23,
      "quantity": 18,
      "order_type": "LIMIT"
    },
    {
      "timestamp": "2025-03-01T09:34:12.221941+00:00",
      "side": "BUY",
      "price": 587.27,
      "quantity": 100,
      "order_type": "LIMIT"
    },
    {
      "timestamp": "2025-03-01T09:34:13.210022+00:00",
      "side": "BUY",
      "price": 587.23,
      "quantity": 18,
      "order_type": "LIMIT"
    },
    {
      "timestamp": "2025-03-01T09:34:14.603406+00:00",
      "side": "BUY",
      "price": 587.27,
      "quantity": 18,
      "order_type": "LIMIT"
    },
    {
      "timestamp": "2025-03-01T09:34:15.320450+00:00",
      "side": "SELL",
      "price": 587.57,
      "quantity": 100,
      "order_type": "LIMIT"
    },
    {
      "timestamp": "2025-03-01T09:34:16.679131+00:00",
      "side": "BUY",
      "price": 587.36,
      "quantity": 100,
      "order_type": "LIMIT"
    },
    {
      "timestamp": "2025-03-01T09:34:17.353633+00:00",
      "side": "BUY",
      "price": 587.34,
      "quantity": 18,
      "order_type": "LIMIT"
    },
    {
      "timestamp": "2025-03-01T09:34:17.552469+00:00",
      "side": "SELL",
      "price": 587.64,
      "quantity": 200,
      "order_type": "LIMIT"
    },
    {
      "timestamp": "2025-03-01T09:34:18.767844+00:00",
      "side": "BUY",
      "price": 587.58,
      "quantity": 100,
      "order_type": "LIMIT"
    },
    {
      "timestamp": "2025-03-01T09:34:19.534218+00:00",
      "side": "SELL",
      "price": 587.76,
      "quantity": 100,
      "order_type": "LIMIT"
    },
    {
      "timestamp": "2025-03-01T09:34:20.503147+00:00",
      "side": "SELL",
      "price": 587.86,
      "quantity": 100,
      "order_type": "LIMIT"
    },
    {
      "timestamp": "2025-03-01T09:34:21.261346+00:00",
      "side": "BUY",
      "price": 587.5,
      "quantity": 18,
      "order_type": "LIMIT"
    },
    {
      "timestamp": "2025-03-01T09:34:23.346982+00:00",
      "side": "BUY",
      "price": 587.37,
      "quantity": 200,
      "order_type": "LIMIT"
    },
    {
      "timestamp": "2025-03-01T09:34:25.462929+00:00",
      "side": "BUY",
      "price": 587.38,
      "quantity": 18,
      "order_type": "LIMIT"
    },
    {
      "timestamp": "2025-03-01T09:34:26.561578+00:00",
      "side": "BUY",
      "price": 587.32,
      "quantity": 200,
      "order_type": "LIMIT"
    },
    {
      "timestamp": "2025-03-01T09:34:26.718260+00:00",
      "side": "BUY",
      "price": 587.31,
      "quantity": 200,
      "order_type": "LIMIT"
    },
    {
      "timestamp": "2025-03-01T09:34:27.555250+00:00",
      "side": "SELL",
      "price": 587.56,
      "quantity": 50,
      "order_type": "LIMIT"
    },
    {
      "timestamp": "2025-03-01T09:34:28.112832+00:00",
      "side": "BUY",
      "price": 587.25,
      "quantity": 100,
      "order_type": "LIMIT"
    },
    {
      "timestamp": "2025-03-01T09:34:28.126110+00:00",
      "side": "BUY",
      "price": 587.25,
      "quantity": 100,
      "order_type": "LIMIT"
    },
    {
      "timestamp": "2025-03-01T09:34:28.974507+00:00",
      "side": "BUY",
      "price": 587.23,
      "quantity": 100,
      "order_type": "LIMIT"
    },
    {
      "timestamp": "2025-03-01T09:34:29.749546+00:00",
      "side": "BUY",
      "price": 587.24,
      "quantity": 200,
      "order_type": "LIMIT"
    },
    {
      "timestamp": "2025-03-01T09:34:31.170304+00:00",
      "side": "SELL",
      "price": 587.56,
      "quantity": 100,
      "order_type": "LIMIT"
    },
    {
      "timestamp": "2025-03-01T09:34:32.175152+00:00",
      "side": "SELL",
      "price": 587.43,
      "quantity": 12,
      "order_type": "LIMIT"
    },
    {
      "timestamp": "2025-03-01T09:34:33.329248+00:00",
      "side": "BUY",
      "price": 586.31,
      "quantity": 100,
      "order_type": "LIMIT"
    },
    {
      "timestamp": "2025-03-01T09:34:36.400208+00:00",
      "side": "BUY",
      "price": 587.06,
      "quantity": 18,
      "order_type": "LIMIT"
    },
    {
      "timestamp": "2025-03-01T09:34:36.410715+00:00",
      "side": "BUY",
      "price": 587.13,
      "quantity": 16,
      "order_type": "LIMIT"
    },
    {
      "timestamp": "2025-03-01T09:34:37.362931+00:00",
      "side": "SELL",
      "price": 587.84,
      "quantity": 20,
      "order_type": "LIMIT"
    },
    {
      "timestamp": "2025-03-01T09:34:37.810726+00:00",
      "side": "BUY",
      "price": 587.11,
      "quantity": 18,
      "order_type": "LIMIT"
    },
    {
      "timestamp": "2025-03-01T09:34:37.901200+00:00",
      "side": "SELL",
      "price": 587.73,
      "quantity": 200,
      "order_type": "LIMIT"
    },
    {
      "timestamp": "2025-03-01T09:34:39.303448+00:00",
      "side": "BUY",
      "price": 587.15,
      "quantity": 400,
      "order_type": "LIMIT"
    },
    {
      "timestamp": "2025-03-01T09:34:41.449533+00:00",
      "side": "BUY",
      "price": 587.15,
      "quantity": 18,
      "order_type": "LIMIT"
    },
    {
      "timestamp": "2025-03-01T09:34:42.013015+00:00",
      "side": "BUY",
      "price": 587.18,
      "quantity": 18,
      "order_type": "LIMIT"
    },
    {
      "timestamp": "2025-03-01T09:34:43.679808+00:00",
      "side": "BUY",
      "price": 587.16,
      "quantity": 18,
      "order_type": "LIMIT"
    },
    {
      "timestamp": "2025-03-01T09:34:44.844778+00:00",
      "side": "BUY",
      "price": 587.21,
      "quantity": 100,
      "order_type": "LIMIT"
    },
    {
      "timestamp": "2025-03-01T09:34:46.613689+00:00",
      "side": "SELL",
      "price": 587.36,
      "quantity": 200,
      "order_type": "LIMIT"
    },
    {
      "timestamp": "2025-03-01T09:34:50.111826+00:00",
      "side": "SELL",
      "price": 587.32,
      "quantity": 100,
      "order_type": "LIMIT"
    },
    {
      "timestamp": "2025-03-01T09:34:51.106018+00:00",
      "side": "SELL",
      "price": 587.42,
      "quantity": 100,
      "order_type": "LIMIT"
    },
    {
      "timestamp": "2025-03-01T09:34:51.357753+00:00",
      "side": "BUY",
      "price": 587.1,
      "quantity": 18,
      "order_type": "LIMIT"
    },
    {
      "timestamp": "2025-03-01T09:34:51.584475+00:00",
      "side": "SELL",
      "price": 587.32,
      "quantity": 5,
      "order_type": "LIMIT"
    },
    {
      "timestamp": "2025-03-01T09:34:52.983251+00:00",
      "side": "BUY",
      "price": 587.22,
      "quantity": 100,
      "order_type": "LIMIT"
    },
    {
      "timestamp": "2025-03-01T09:34:55.826021+00:00",
      "side": "SELL",
      "price": 587.53,
      "quantity": 100,
      "order_type": "LIMIT"
    },
    {
      "timestamp": "2025-03-01T09:34:59.026811+00:00",
      "side": "BUY",
      "price": 587.03,
      "quantity": 200,
      "order_type": "LIMIT"
    },
    {
      "timestamp": "2025-03-01T09:35:01.822095+00:00",
      "side": "SELL",
      "price": 587.41,
      "quantity": 100,
      "order_type": "LIMIT"
    },
    {
      "timestamp": "2025-03-01T09:35:05.091981+00:00",
      "side": "SELL",
      "price": 587.39,
      "quantity": 100,
      "order_type": "LIMIT"
    },
    {
      "timestamp": "2025-03-01T09:35:06.456652+00:00",
      "side": "BUY",
      "price": 587.06,
      "quantity": 100,
      "order_type": "LIMIT"
    },
    {
      "timestamp": "2025-03-01T09:35:06.853516+00:00",
      "side": "SELL",
      "price": 587.38,
      "quantity": 100,
      "order_type": "LIMIT"
    },
    {
      "timestamp": "2025-03-01T09:35:08.769500+00:00",
      "side": "SELL",
      "price": 587.05,
      "quantity": 100,
      "order_type": "LIMIT"
    },
    {
      "timestamp": "2025-03-01T09:35:08.872259+00:00",
      "side": "BUY",
      "price": 586.68,
      "quantity": 100,
      "order_type": "LIMIT"
    },
    {
      "timestamp": "2025-03-01T09:35:11.994034+00:00",
      "side": "SELL",
      "price": 586.97,
      "quantity": 1,
      "order_type": "LIMIT"
    },
    {
      "timestamp": "2025-03-01T09:35:15.652249+00:00",
      "side": "BUY",
      "price": 586.82,
      "quantity": 25,
      "order_type": "LIMIT"
    },
    {
      "timestamp": "2025-03-01T09:35:18.509241+00:00",
      "side": "SELL",
      "price": 586.91,
      "quantity": 1,
      "order_type": "LIMIT"
    },
    {
      "timestamp": "2025-03-01T09:35:22.612604+00:00",
      "side": "BUY",
      "price": 586.67,
      "quantity": 200,
      "order_type": "LIMIT"
    },
    {
      "timestamp": "2025-03-01T09:35:26.020892+00:00",
      "side": "SELL",
      "price": 587.02,
      "quantity": 200,
      "order_type": "LIMIT"
    },
    {
      "timestamp": "2025-03-01T09:35:26.865005+00:00",
      "side": "SELL",
      "price": 586.89,
      "quantity": 100,
      "order_type": "LIMIT"
    },
    {
      "timestamp": "2025-03-01T09:35:27.003534+00:00",
      "side": "BUY",
      "price": 586.56,
      "quantity": 200,
      "order_type": "LIMIT"
    },
    {
      "timestamp": "2025-03-01T09:35:29.261887+00:00",
      "side": "BUY",
      "price": 586.67,
      "quantity": 18,
      "order_type": "LIMIT"
    },
    {
      "timestamp": "2025-03-01T09:35:30.485198+00:00",
      "side": "BUY",
      "price": 586.68,
      "quantity": 100,
      "order_type": "LIMIT"
    },
    {
      "timestamp": "2025-03-01T09:35:30.980264+00:00",
      "side": "SELL",
      "price": 586.89,
      "quantity": 100,
      "order_type": "LIMIT"
    },
    {
      "timestamp": "2025-03-01T09:35:32.082568+00:00",
      "side": "BUY",
      "price": 586.55,
      "quantity": 100,
      "order_type": "LIMIT"
    },
    {
      "timestamp": "2025-03-01T09:35:35.746980+00:00",
      "side": "SELL",
      "price": 586.79,
      "quantity": 100,
      "order_type": "LIMIT"
    },
    {
      "timestamp": "2025-03-01T09:35:41.323472+00:00",
      "side": "BUY",
      "price": 586.42,
      "quantity": 100,
      "order_type": "LIMIT"
    },
    {
      "timestamp": "2025-03-01T09:35:43.951194+00:00",
      "side": "BUY",
      "price": 586.44,
      "quantity": 200,
      "order_type": "LIMIT"
    },
    {
      "timestamp": "2025-03-01T09:35:45.619425+00:00",
      "side": "SELL",
      "price": 586.78,
      "quantity": 200,
      "order_type": "LIMIT"
    },
    {
      "timestamp": "2025-03-01T09:35:46.817595+00:00",
      "side": "SELL",
      "price": 586.85,
      "quantity": 100,
      "order_type": "LIMIT"
    },
    {
      "timestamp": "2025-03-01T09:35:48.587242+00:00",
      "side": "BUY",
      "price": 586.54,
      "quantity": 20,
      "order_type": "LIMIT"
    },
    {
      "timestamp": "2025-03-01T09:35:53.011228+00:00",
      "side": "SELL",
      "price": 586.69,
      "quantity": 300,
      "order_type": "LIMIT"
    },
    {
      "timestamp": "2025-03-01T09:35:56.649582+00:00",
      "side": "SELL",
      "price": 586.7,
      "quantity": 100,
      "order_type": "LIMIT"
    },
    {
      "timestamp": "2025-03-01T09:35:58.385311+00:00",
      "side": "BUY",
      "price": 586.39,
      "quantity": 18,
      "order_type": "LIMIT"
    },
    {
      "timestamp": "2025-03-01T09:36:00.880343+00:00",
      "side": "BUY",
      "price": 586.51,
      "quantity": 100,
      "order_type": "LIMIT"
    },
    {
      "timestamp": "2025-03-01T09:36:01.211638+00:00",
      "side": "SELL",
      "price": 586.89,
      "quantity": 100,
      "order_type": "LIMIT"
    },
    {
      "timestamp": "2025-03-01T09:36:04.390951+00:00",
      "side": "SELL",
      "price": 586.79,
      "quantity": 2,
      "order_type": "LIMIT"
    },
    {
      "timestamp": "2025-03-01T09:36:05.949720+00:00",
      "side": "BUY",
      "price": 586.44,
      "quantity": 100,
      "order_type": "LIMIT"
    },
    {
      "timestamp": "2025-03-01T09:36:06.831475+00:00",
      "side": "BUY",
      "price": 586.41,
      "quantity": 100,
      "order_type": "LIMIT"
    },
    {
      "timestamp": "2025-03-01T09:36:09.629396+00:00",
      "side": "SELL",
      "price": 586.76,
      "quantity": 2,
      "order_type": "LIMIT"
    },
    {
      "timestamp": "2025-03-01T09:36:16.877875+00:00",
      "side": "SELL",
      "price": 586.7,
      "quantity": 100,
      "order_type": "LIMIT"
    },
    {
      "timestamp": "2025-03-01T09:36:16.996906+00:00",
      "side": "BUY",
      "price": 586.59,
      "quantity": 2,
      "order_type": "LIMIT"
    },
    {
      "timestamp": "2025-03-01T09:36:17.192190+00:00",
      "side": "BUY",
      "price": 586.63,
      "quantity": 12,
      "order_type": "LIMIT"
    },
    {
      "timestamp": "2025-03-01T09:36:17.199834+00:00",
      "side": "BUY",
      "price": 586.71,
      "quantity": 16,
      "order_type": "LIMIT"
    },
    {
      "timestamp": "2025-03-01T09:36:17.862940+00:00",
      "side": "BUY",
      "price": 586.56,
      "quantity": 18,
      "order_type": "LIMIT"
    },
    {
      "timestamp": "2025-03-01T09:36:18.220819+00:00",
      "side": "BUY",
      "price": 586.9,
      "quantity": 100,
      "order_type": "LIMIT"
    },
    {
      "timestamp": "2025-03-01T09:36:18.393993+00:00",
      "side": "BUY",
      "price": 586.59,
      "quantity": 18,
      "order_type": "LIMIT"
    },
    {
      "timestamp": "2025-03-01T09:36:18.403386+00:00",
      "side": "SELL",
      "price": 586.96,
      "quantity": 200,
      "order_type": "LIMIT"
    },
    {
      "timestamp": "2025-03-01T09:36:18.872066+00:00",
      "side": "SELL",
      "price": 586.93,
      "quantity": 200,
      "order_type": "LIMIT"
    },
    {
      "timestamp": "2025-03-01T09:36:19.149889+00:00",
      "side": "SELL",
      "price": 586.95,
      "quantity": 200,
      "order_type": "LIMIT"
    },
    {
      "timestamp": "2025-03-01T09:36:19.321356+00:00",
      "side": "SELL",
      "price": 586.93,
      "quantity": 200,
      "order_type": "LIMIT"
    },
    {
      "timestamp": "2025-03-01T09:36:19.504659+00:00",
      "side": "SELL",
      "price": 586.95,
      "quantity": 200,
      "order_type": "LIMIT"
    },
    {
      "timestamp": "2025-03-01T09:36:20.123094+00:00",
      "side": "BUY",
      "price": 586.6,
      "quantity": 18,
      "order_type": "LIMIT"
    },
    {
      "timestamp": "2025-03-01T09:36:21.162216+00:00",
      "side": "BUY",
      "price": 586.59,
      "quantity": 18,
      "order_type": "LIMIT"
    },
    {
      "timestamp": "2025-03-01T09:36:21.814077+00:00",
      "side": "BUY",
      "price": 586.75,
      "quantity": 100,
      "order_type": "LIMIT"
    },
    {
      "timestamp": "2025-03-01T09:36:22.144106+00:00",
      "side": "SELL",
      "price": 586.99,
      "quantity": 100,
      "order_type": "LIMIT"
    },
    {
      "timestamp": "2025-03-01T09:36:23.784909+00:00",
      "side": "BUY",
      "price": 586.66,
      "quantity": 100,
      "order_type": "LIMIT"
    },
    {
      "timestamp": "2025-03-01T09:36:24.072492+00:00",
      "side": "SELL",
      "price": 587.12,
      "quantity": 200,
      "order_type": "LIMIT"
    },
    {
      "timestamp": "2025-03-01T09:36:24.140029+00:00",
      "side": "SELL",
      "price": 587.19,
      "quantity": 200,
      "order_type": "LIMIT"
    },
    {
      "timestamp": "2025-03-01T09:36:24.287788+00:00",
      "side": "SELL",
      "price": 587.23,
      "quantity": 100,
      "order_type": "LIMIT"
    },
    {
      "timestamp": "2025-03-01T09:36:25.133470+00:00",
      "side": "SELL",
      "price": 587.34,
      "quantity": 100,
      "order_type": "LIMIT"
    },
    {
      "timestamp": "2025-03-01T09:36:25.263179+00:00",
      "side": "SELL",
      "price": 587.43,
      "quantity": 100,
      "order_type": "LIMIT"
    },
    {
      "timestamp": "2025-03-01T09:36:26.205929+00:00",
      "side": "BUY",
      "price": 586.96,
      "quantity": 200,
      "order_type": "LIMIT"
    },
    {
      "timestamp": "2025-03-01T09:36:26.780340+00:00",
      "side": "BUY",
      "price": 586.89,
      "quantity": 200,
      "order_type": "LIMIT"
    },
    {
      "timestamp": "2025-03-01T09:36:28.627721+00:00",
      "side": "BUY",
      "price": 586.91,
      "quantity": 18,
      "order_type": "LIMIT"
    },
    {
      "timestamp": "2025-03-01T09:36:29.563421+00:00",
      "side": "SELL",
      "price": 587.49,
      "quantity": 200,
      "order_type": "LIMIT"
    },
    {
      "timestamp": "2025-03-01T09:36:30.622987+00:00",
      "side": "BUY",
      "price": 587.05,
      "quantity": 18,
      "order_type": "LIMIT"
    },
    {
      "timestamp": "2025-03-01T09:36:32.271282+00:00",
      "side": "SELL",
      "price": 587.24,
      "quantity": 100,
      "order_type": "LIMIT"
    },
    {
      "timestamp": "2025-03-01T09:36:34.527953+00:00",
      "side": "SELL",
      "price": 587.44,
      "quantity": 200,
      "order_type": "LIMIT"
    },
    {
      "timestamp": "2025-03-01T09:36:35.203570+00:00",
      "side": "SELL",
      "price": 587.44,
      "quantity": 200,
      "order_type": "LIMIT"
    },
    {
      "timestamp": "2025-03-01T09:36:35.388129+00:00",
      "side": "SELL",
      "price": 587.44,
      "quantity": 200,
      "order_type": "LIMIT"
    },
    {
      "timestamp": "2025-03-01T09:36:35.549250+00:00",
      "side": "SELL",
      "price": 587.44,
      "quantity": 200,
      "order_type": "LIMIT"
    },
    {
      "timestamp": "2025-03-01T09:36:35.640342+00:00",
      "side": "SELL",
      "price": 587.44,
      "quantity": 200,
      "order_type": "LIMIT"
    },
    {
      "timestamp": "2025-03-01T09:36:35.796265+00:00",
      "side": "SELL",
      "price": 587.44,
      "quantity": 200,
      "order_type": "LIMIT"
    },
    {
      "timestamp": "2025-03-01T09:36:35.952793+00:00",
      "side": "SELL",
      "price": 587.42,
      "quantity": 200,
      "order_type": "LIMIT"
    },
    {
      "timestamp": "2025-03-01T09:36:36.098897+00:00",
      "side": "SELL",
      "price": 587.42,
      "quantity": 200,
      "order_type": "LIMIT"
    },
    {
      "timestamp": "2025-03-01T09:36:36.334215+00:00",
      "side": "SELL",
      "price": 587.44,
      "quantity": 200,
      "order_type": "LIMIT"
    },
    {
      "timestamp": "2025-03-01T09:36:36.480087+00:00",
      "side": "BUY",
      "price": 587.14,
      "quantity": 18,
      "order_type": "LIMIT"
    },
    {
      "timestamp": "2025-03-01T09:36:36.595207+00:00",
      "side": "SELL",
      "price": 587.44,
      "quantity": 200,
      "order_type": "LIMIT"
    },
    {
      "timestamp": "2025-03-01T09:36:36.689266+00:00",
      "side": "SELL",
      "price": 587.44,
      "quantity": 200,
      "order_type": "LIMIT"
    },
    {
      "timestamp": "2025-03-01T09:36:36.810895+00:00",
      "side": "SELL",
      "price": 587.42,
      "quantity": 200,
      "order_type": "LIMIT"
    },
    {
      "timestamp": "2025-03-01T09:36:36.975902+00:00",
      "side": "SELL",
      "price": 587.42,
      "quantity": 200,
      "order_type": "LIMIT"
    },
    {
      "timestamp": "2025-03-01T09:36:38.137762+00:00",
      "side": "BUY",
      "price": 587.22,
      "quantity": 18,
      "order_type": "LIMIT"
    },
    {
      "timestamp": "2025-03-01T09:36:38.978413+00:00",
      "side": "BUY",
      "price": 587.06,
      "quantity": 200,
      "order_type": "LIMIT"
    },
    {
      "timestamp": "2025-03-01T09:36:39.905147+00:00",
      "side": "BUY",
      "price": 587.03,
      "quantity": 18,
      "order_type": "LIMIT"
    },
    {
      "timestamp": "2025-03-01T09:36:40.722648+00:00",
      "side": "BUY",
      "price": 586.98,
      "quantity": 18,
      "order_type": "LIMIT"
    },
    {
      "timestamp": "2025-03-01T09:36:41.440777+00:00",
      "side": "BUY",
      "price": 586.99,
      "quantity": 18,
      "order_type": "LIMIT"
    },
    {
      "timestamp": "2025-03-01T09:36:42.537133+00:00",
      "side": "SELL",
      "price": 587.38,
      "quantity": 100,
      "order_type": "LIMIT"
    },
    {
      "timestamp": "2025-03-01T09:36:43.614069+00:00",
      "side": "BUY",
      "price": 586.87,
      "quantity": 18,
      "order_type": "LIMIT"
    },
    {
      "timestamp": "2025-03-01T09:36:44.054257+00:00",
      "side": "BUY",
      "price": 586.86,
      "quantity": 18,
      "order_type": "LIMIT"
    },
    {
      "timestamp": "2025-03-01T09:36:44.401825+00:00",
      "side": "SELL",
      "price": 587.5,
      "quantity": 10,
      "order_type": "LIMIT"
    },
    {
      "timestamp": "2025-03-01T09:36:45.591943+00:00",
      "side": "BUY",
      "price": 586.94,
      "quantity": 18,
      "order_type": "LIMIT"
    },
    {
      "timestamp": "2025-03-01T09:36:47.849105+00:00",
      "side": "BUY",
      "price": 586.63,
      "quantity": 18,
      "order_type": "LIMIT"
    },
    {
      "timestamp": "2025-03-01T09:36:49.152751+00:00",
      "side": "BUY",
      "price": 586.71,
      "quantity": 18,
      "order_type": "LIMIT"
    },
    {
      "timestamp": "2025-03-01T09:36:49.825542+00:00",
      "side": "SELL",
      "price": 587.39,
      "quantity": 100,
      "order_type": "LIMIT"
    },
    {
      "timestamp": "2025-03-01T09:36:50.286022+00:00",
      "side": "BUY",
      "price": 587.16,
      "quantity": 18,
      "order_type": "LIMIT"
    },
    {
      "timestamp": "2025-03-01T09:36:52.248016+00:00",
      "side": "SELL",
      "price": 587.48,
      "quantity": 100,
      "order_type": "LIMIT"
    },
    {
      "timestamp": "2025-03-01T09:36:53.060816+00:00",
      "side": "BUY",
      "price": 587.28,
      "quantity": 100,
      "order_type": "LIMIT"
    },
    {
      "timestamp": "2025-03-01T09:36:53.101894+00:00",
      "side": "SELL",
      "price": 587.52,
      "quantity": 100,
      "order_type": "LIMIT"
    },
    {
      "timestamp": "2025-03-01T09:36:53.195485+00:00",
      "side": "SELL",
      "price": 587.52,
      "quantity": 100,
      "order_type": "LIMIT"
    },
    {
      "timestamp": "2025-03-01T09:36:53.985506+00:00",
      "side": "BUY",
      "price": 587.29,
      "quantity": 100,
      "order_type": "LIMIT"
    },
    {
      "timestamp": "2025-03-01T09:36:54.054458+00:00",
      "side": "BUY",
      "price": 587.25,
      "quantity": 100,
      "order_type": "LIMIT"
    },
    {
      "timestamp": "2025-03-01T09:36:54.656509+00:00",
      "side": "BUY",
      "price": 587.34,
      "quantity": 100,
      "order_type": "LIMIT"
    },
    {
      "timestamp": "2025-03-01T09:36:55.218415+00:00",
      "side": "BUY",
      "price": 587.3,
      "quantity": 100,
      "order_type": "LIMIT"
    },
    {
      "timestamp": "2025-03-01T09:36:59.190526+00:00",
      "side": "BUY",
      "price": 587.21,
      "quantity": 100,
      "order_type": "LIMIT"
    },
    {
      "timestamp": "2025-03-01T09:36:59.755411+00:00",
      "side": "BUY",
      "price": 587.27,
      "quantity": 100,
      "order_type": "LIMIT"
    },
    {
      "timestamp": "2025-03-01T09:36:59.828718+00:00",
      "side": "SELL",
      "price": 587.57,
      "quantity": 100,
      "order_type": "LIMIT"
    },
    {
      "timestamp": "2025-03-01T09:37:01.800315+00:00",
      "side": "SELL",
      "price": 587.62,
      "quantity": 200,
      "order_type": "LIMIT"
    },
    {
      "timestamp": "2025-03-01T09:37:03.444597+00:00",
      "side": "SELL",
      "price": 587.63,
      "quantity": 100,
      "order_type": "LIMIT"
    },
    {
      "timestamp": "2025-03-01T09:37:04.099358+00:00",
      "side": "SELL",
      "price": 587.64,
      "quantity": 200,
      "order_type": "LIMIT"
    },
    {
      "timestamp": "2025-03-01T09:37:04.863262+00:00",
      "side": "SELL",
      "price": 587.64,
      "quantity": 200,
      "order_type": "LIMIT"
    },
    {
      "timestamp": "2025-03-01T09:37:04.885815+00:00",
      "side": "SELL",
      "price": 587.67,
      "quantity": 200,
      "order_type": "LIMIT"
    },
    {
      "timestamp": "2025-03-01T09:37:04.905650+00:00",
      "side": "SELL",
      "price": 587.67,
      "quantity": 200,
      "order_type": "LIMIT"
    },
    {
      "timestamp": "2025-03-01T09:37:04.930080+00:00",
      "side": "SELL",
      "price": 587.67,
      "quantity": 200,
      "order_type": "LIMIT"
    },
    {
      "timestamp": "2025-03-01T09:37:04.950228+00:00",
      "side": "SELL",
      "price": 587.67,
      "quantity": 200,
      "order_type": "LIMIT"
    },
    {
      "timestamp": "2025-03-01T09:37:04.973726+00:00",
      "side": "SELL",
      "price": 587.67,
      "quantity": 200,
      "order_type": "LIMIT"
    },
    {
      "timestamp": "2025-03-01T09:37:08.307717+00:00",
      "side": "SELL",
      "price": 587.61,
      "quantity": 12,
      "order_type": "LIMIT"
    },
    {
      "timestamp": "2025-03-01T09:37:09.213822+00:00",
      "side": "BUY",
      "price": 587.06,
      "quantity": 100,
      "order_type": "LIMIT"
    },
    {
      "timestamp": "2025-03-01T09:37:10.189489+00:00",
      "side": "BUY",
      "price": 586.87,
      "quantity": 100,
      "order_type": "LIMIT"
    },
    {
      "timestamp": "2025-03-01T09:37:11.441467+00:00",
      "side": "SELL",
      "price": 587.22,
      "quantity": 22,
      "order_type": "LIMIT"
    },
    {
      "timestamp": "2025-03-01T09:37:13.534013+00:00",
      "side": "BUY",
      "price": 587.12,
      "quantity": 100,
      "order_type": "LIMIT"
    },
    {
      "timestamp": "2025-03-01T09:37:14.170805+00:00",
      "side": "SELL",
      "price": 587.4,
      "quantity": 200,
      "order_type": "LIMIT"
    },
    {
      "timestamp": "2025-03-01T09:37:14.381544+00:00",
      "side": "SELL",
      "price": 587.4,
      "quantity": 200,
      "order_type": "LIMIT"
    },
    {
      "timestamp": "2025-03-01T09:37:14.461905+00:00",
      "side": "SELL",
      "price": 587.42,
      "quantity": 200,
      "order_type": "LIMIT"
    },
    {
      "timestamp": "2025-03-01T09:37:14.520215+00:00",
      "side": "SELL",
      "price": 587.51,
      "quantity": 200,
      "order_type": "LIMIT"
    },
    {
      "timestamp": "2025-03-01T09:37:14.569278+00:00",
      "side": "SELL",
      "price": 587.51,
      "quantity": 200,
      "order_type": "LIMIT"
    },
    {
      "timestamp": "2025-03-01T09:37:14.614538+00:00",
      "side": "SELL",
      "price": 587.51,
      "quantity": 200,
      "order_type": "LIMIT"
    },
    {
      "timestamp": "2025-03-01T09:37:14.659938+00:00",
      "side": "SELL",
      "price": 587.51,
      "quantity": 200,
      "order_type": "LIMIT"
    },
    {
      "timestamp": "2025-03-01T09:37:14.705350+00:00",
      "side": "SELL",
      "price": 587.51,
      "quantity": 200,
      "order_type": "LIMIT"
    },
    {
      "timestamp": "2025-03-01T09:37:14.745465+00:00",
      "side": "SELL",
      "price": 587.5,
      "quantity": 200,
      "order_type": "LIMIT"
    },
    {
      "timestamp": "2025-03-01T09:37:18.333657+00:00",
      "side": "SELL",
      "price": 587.67,
      "quantity": 20,
      "order_type": "LIMIT"
    },
    {
      "timestamp": "2025-03-01T09:37:20.248722+00:00",
      "side": "BUY",
      "price": 587.21,
      "quantity": 18,
      "order_type": "LIMIT"
    },
    {
      "timestamp": "2025-03-01T09:37:20.433680+00:00",
      "side": "SELL",
      "price": 587.52,
      "quantity": 100,
      "order_type": "LIMIT"
    },
    {
      "timestamp": "2025-03-01T09:37:22.118950+00:00",
      "side": "BUY",
      "price": 587.22,
      "quantity": 18,
      "order_type": "LIMIT"
    },
    {
      "timestamp": "2025-03-01T09:37:22.913099+00:00",
      "side": "BUY",
      "price": 587.07,
      "quantity": 18,
      "order_type": "LIMIT"
    },
    {
      "timestamp": "2025-03-01T09:37:23.445696+00:00",
      "side": "SELL",
      "price": 587.49,
      "quantity": 200,
      "order_type": "LIMIT"
    },
    {
      "timestamp": "2025-03-01T09:37:24.766164+00:00",
      "side": "BUY",
      "price": 587.1,
      "quantity": 18,
      "order_type": "LIMIT"
    },
    {
      "timestamp": "2025-03-01T09:37:26.272699+00:00",
      "side": "BUY",
      "price": 587.23,
      "quantity": 200,
      "order_type": "LIMIT"
    },
    {
      "timestamp": "2025-03-01T09:37:26.921685+00:00",
      "side": "SELL",
      "price": 587.43,
      "quantity": 200,
      "order_type": "LIMIT"
    },
    {
      "timestamp": "2025-03-01T09:37:27.110706+00:00",
      "side": "SELL",
      "price": 587.42,
      "quantity": 200,
      "order_type": "LIMIT"
    },
    {
      "timestamp": "2025-03-01T09:37:27.272816+00:00",
      "side": "SELL",
      "price": 587.42,
      "quantity": 200,
      "order_type": "LIMIT"
    },
    {
      "timestamp": "2025-03-01T09:37:27.435754+00:00",
      "side": "SELL",
      "price": 587.42,
      "quantity": 200,
      "order_type": "LIMIT"
    },
    {
      "timestamp": "2025-03-01T09:37:27.584253+00:00",
      "side": "SELL",
      "price": 587.42,
      "quantity": 200,
      "order_type": "LIMIT"
    },
    {
      "timestamp": "2025-03-01T09:37:28.674729+00:00",
      "side": "BUY",
      "price": 586.99,
      "quantity": 18,
      "order_type": "LIMIT"
    },
    {
      "timestamp": "2025-03-01T09:37:29.385628+00:00",
      "side": "BUY",
      "price": 587.02,
      "quantity": 18,
      "order_type": "LIMIT"
    },
    {
      "timestamp": "2025-03-01T09:37:30.864216+00:00",
      "side": "BUY",
      "price": 587.02,
      "quantity": 18,
      "order_type": "LIMIT"
    },
    {
      "timestamp": "2025-03-01T09:37:31.575747+00:00",
      "side": "BUY",
      "price": 587.02,
      "quantity": 18,
      "order_type": "LIMIT"
    },
    {
      "timestamp": "2025-03-01T09:37:33.396446+00:00",
      "side": "BUY",
      "price": 587.01,
      "quantity": 18,
      "order_type": "LIMIT"
    },
    {
      "timestamp": "2025-03-01T09:37:34.172325+00:00",
      "side": "SELL",
      "price": 587.37,
      "quantity": 200,
      "order_type": "LIMIT"
    },
    {
      "timestamp": "2025-03-01T09:37:36.191084+00:00",
      "side": "BUY",
      "price": 587.02,
      "quantity": 18,
      "order_type": "LIMIT"
    },
    {
      "timestamp": "2025-03-01T09:37:36.914276+00:00",
      "side": "BUY",
      "price": 587.1,
      "quantity": 18,
      "order_type": "LIMIT"
    },
    {
      "timestamp": "2025-03-01T09:37:39.755643+00:00",
      "side": "BUY",
      "price": 586.8,
      "quantity": 100,
      "order_type": "LIMIT"
    },
    {
      "timestamp": "2025-03-01T09:37:40.238340+00:00",
      "side": "BUY",
      "price": 587.11,
      "quantity": 200,
      "order_type": "LIMIT"
    },
    {
      "timestamp": "2025-03-01T09:37:41.113089+00:00",
      "side": "BUY",
      "price": 587.16,
      "quantity": 200,
      "order_type": "LIMIT"
    },
    {
      "timestamp": "2025-03-01T09:37:44.226272+00:00",
      "side": "BUY",
      "price": 587.17,
      "quantity": 18,
      "order_type": "LIMIT"
    },
    {
      "timestamp": "2025-03-01T09:37:45.206369+00:00",
      "side": "BUY",
      "price": 587.18,
      "quantity": 18,
      "order_type": "LIMIT"
    },
    {
      "timestamp": "2025-03-01T09:37:46.342021+00:00",
      "side": "SELL",
      "price": 587.33,
      "quantity": 100,
      "order_type": "LIMIT"
    },
    {
      "timestamp": "2025-03-01T09:37:50.150413+00:00",
      "side": "SELL",
      "price": 587.61,
      "quantity": 100,
      "order_type": "LIMIT"
    },
    {
      "timestamp": "2025-03-01T09:37:53.203990+00:00",
      "side": "SELL",
      "price": 587.31,
      "quantity": 100,
      "order_type": "LIMIT"
    },
    {
      "timestamp": "2025-03-01T09:37:55.224838+00:00",
      "side": "BUY",
      "price": 587.17,
      "quantity": 18,
      "order_type": "LIMIT"
    },
    {
      "timestamp": "2025-03-01T09:37:55.703395+00:00",
      "side": "SELL",
      "price": 587.35,
      "quantity": 100,
      "order_type": "LIMIT"
    },
    {
      "timestamp": "2025-03-01T09:37:55.881578+00:00",
      "side": "SELL",
      "price": 587.31,
      "quantity": 100,
      "order_type": "LIMIT"
    },
    {
      "timestamp": "2025-03-01T09:37:56.298108+00:00",
      "side": "SELL",
      "price": 587.28,
      "quantity": 100,
      "order_type": "LIMIT"
    },
    {
      "timestamp": "2025-03-01T09:37:56.658098+00:00",
      "side": "BUY",
      "price": 586.92,
      "quantity": 100,
      "order_type": "LIMIT"
    },
    {
      "timestamp": "2025-03-01T09:37:57.517665+00:00",
      "side": "SELL",
      "price": 587.16,
      "quantity": 100,
      "order_type": "LIMIT"
    },
    {
      "timestamp": "2025-03-01T09:37:57.624410+00:00",
      "side": "SELL",
      "price": 587.19,
      "quantity": 100,
      "order_type": "LIMIT"
    },
    {
      "timestamp": "2025-03-01T09:37:58.536163+00:00",
      "side": "SELL",
      "price": 587.17,
      "quantity": 100,
      "order_type": "LIMIT"
    },
    {
      "timestamp": "2025-03-01T09:38:00.258134+00:00",
      "side": "SELL",
      "price": 587.28,
      "quantity": 100,
      "order_type": "LIMIT"
    },
    {
      "timestamp": "2025-03-01T09:38:00.970139+00:00",
      "side": "SELL",
      "price": 587.19,
      "quantity": 100,
      "order_type": "LIMIT"
    },
    {
      "timestamp": "2025-03-01T09:38:01.047221+00:00",
      "side": "SELL",
      "price": 587.12,
      "quantity": 6,
      "order_type": "LIMIT"
    },
    {
      "timestamp": "2025-03-01T09:38:01.503241+00:00",
      "side": "SELL",
      "price": 587.14,
      "quantity": 100,
      "order_type": "LIMIT"
    },
    {
      "timestamp": "2025-03-01T09:38:04.190066+00:00",
      "side": "SELL",
      "price": 587.1,
      "quantity": 100,
      "order_type": "LIMIT"
    },
    {
      "timestamp": "2025-03-01T09:38:04.307082+00:00",
      "side": "BUY",
      "price": 586.24,
      "quantity": 100,
      "order_type": "LIMIT"
    },
    {
      "timestamp": "2025-03-01T09:38:05.270843+00:00",
      "side": "SELL",
      "price": 587.05,
      "quantity": 100,
      "order_type": "LIMIT"
    },
    {
      "timestamp": "2025-03-01T09:38:06.888164+00:00",
      "side": "SELL",
      "price": 586.92,
      "quantity": 100,
      "order_type": "LIMIT"
    },
    {
      "timestamp": "2025-03-01T09:38:08.315827+00:00",
      "side": "SELL",
      "price": 586.92,
      "quantity": 7,
      "order_type": "LIMIT"
    },
    {
      "timestamp": "2025-03-01T09:38:08.931367+00:00",
      "side": "SELL",
      "price": 587.15,
      "quantity": 100,
      "order_type": "LIMIT"
    },
    {
      "timestamp": "2025-03-01T09:38:09.552649+00:00",
      "side": "BUY",
      "price": 586.86,
      "quantity": 8,
      "order_type": "LIMIT"
    },
    {
      "timestamp": "2025-03-01T09:38:12.667217+00:00",
      "side": "BUY",
      "price": 586.12,
      "quantity": 100,
      "order_type": "LIMIT"
    },
    {
      "timestamp": "2025-03-01T09:38:15.725376+00:00",
      "side": "SELL",
      "price": 587.05,
      "quantity": 100,
      "order_type": "LIMIT"
    },
    {
      "timestamp": "2025-03-01T09:38:15.854928+00:00",
      "side": "SELL",
      "price": 586.92,
      "quantity": 100,
      "order_type": "LIMIT"
    },
    {
      "timestamp": "2025-03-01T09:38:16.582058+00:00",
      "side": "BUY",
      "price": 586.52,
      "quantity": 100,
      "order_type": "LIMIT"
    },
    {
      "timestamp": "2025-03-01T09:38:18.890786+00:00",
      "side": "SELL",
      "price": 586.86,
      "quantity": 100,
      "order_type": "LIMIT"
    },
    {
      "timestamp": "2025-03-01T09:38:19.348531+00:00",
      "side": "SELL",
      "price": 586.86,
      "quantity": 100,
      "order_type": "LIMIT"
    },
    {
      "timestamp": "2025-03-01T09:38:21.728264+00:00",
      "side": "SELL",
      "price": 586.83,
      "quantity": 100,
      "order_type": "LIMIT"
    },
    {
      "timestamp": "2025-03-01T09:38:22.430262+00:00",
      "side": "SELL",
      "price": 586.77,
      "quantity": 100,
      "order_type": "LIMIT"
    },
    {
      "timestamp": "2025-03-01T09:38:23.612198+00:00",
      "side": "SELL",
      "price": 586.67,
      "quantity": 100,
      "order_type": "LIMIT"
    },
    {
      "timestamp": "2025-03-01T09:38:24.946946+00:00",
      "side": "SELL",
      "price": 586.65,
      "quantity": 100,
      "order_type": "LIMIT"
    },
    {
      "timestamp": "2025-03-01T09:38:26.201455+00:00",
      "side": "BUY",
      "price": 586.12,
      "quantity": 100,
      "order_type": "LIMIT"
    },
    {
      "timestamp": "2025-03-01T09:38:26.327116+00:00",
      "side": "BUY",
      "price": 586.14,
      "quantity": 100,
      "order_type": "LIMIT"
    },
    {
      "timestamp": "2025-03-01T09:38:26.620190+00:00",
      "side": "SELL",
      "price": 586.58,
      "quantity": 100,
      "order_type": "LIMIT"
    },
    {
      "timestamp": "2025-03-01T09:38:28.977518+00:00",
      "side": "SELL",
      "price": 586.53,
      "quantity": 200,
      "order_type": "LIMIT"
    },
    {
      "timestamp": "2025-03-01T09:38:29.262229+00:00",
      "side": "SELL",
      "price": 586.4,
      "quantity": 100,
      "order_type": "LIMIT"
    },
    {
      "timestamp": "2025-03-01T09:38:29.729286+00:00",
      "side": "SELL",
      "price": 586.31,
      "quantity": 1,
      "order_type": "LIMIT"
    },
    {
      "timestamp": "2025-03-01T09:38:29.885745+00:00",
      "side": "BUY",
      "price": 586.11,
      "quantity": 100,
      "order_type": "LIMIT"
    },
    {
      "timestamp": "2025-03-01T09:38:30.990242+00:00",
      "side": "SELL",
      "price": 586.27,
      "quantity": 100,
      "order_type": "LIMIT"
    },
    {
      "timestamp": "2025-03-01T09:38:31.491634+00:00",
      "side": "BUY",
      "price": 585.52,
      "quantity": 100,
      "order_type": "LIMIT"
    },
    {
      "timestamp": "2025-03-01T09:38:32.533486+00:00",
      "side": "SELL",
      "price": 586.29,
      "quantity": 100,
      "order_type": "LIMIT"
    },
    {
      "timestamp": "2025-03-01T09:38:34.152282+00:00",
      "side": "SELL",
      "price": 585.95,
      "quantity": 100,
      "order_type": "LIMIT"
    },
    {
      "timestamp": "2025-03-01T09:38:34.193859+00:00",
      "side": "SELL",
      "price": 586.0,
      "quantity": 100,
      "order_type": "LIMIT"
    },
    {
      "timestamp": "2025-03-01T09:38:34.790832+00:00",
      "side": "SELL",
      "price": 586.16,
      "quantity": 100,
      "order_type": "LIMIT"
    },
    {
      "timestamp": "2025-03-01T09:38:34.850663+00:00",
      "side": "SELL",
      "price": 585.91,
      "quantity": 100,
      "order_type": "LIMIT"
    },
    {
      "timestamp": "2025-03-01T09:38:34.915086+00:00",
      "side": "SELL",
      "price": 585.86,
      "quantity": 100,
      "order_type": "LIMIT"
    },
    {
      "timestamp": "2025-03-01T09:38:34.933528+00:00",
      "side": "SELL",
      "price": 585.92,
      "quantity": 100,
      "order_type": "LIMIT"
    },
    {
      "timestamp": "2025-03-01T09:38:34.942775+00:00",
      "side": "SELL",
      "price": 585.92,
      "quantity": 100,
      "order_type": "LIMIT"
    },
    {
      "timestamp": "2025-03-01T09:38:35.049168+00:00",
      "side": "SELL",
      "price": 585.91,
      "quantity": 100,
      "order_type": "LIMIT"
    },
    {
      "timestamp": "2025-03-01T09:38:35.095986+00:00",
      "side": "BUY",
      "price": 585.67,
      "quantity": 100,
      "order_type": "LIMIT"
    },
    {
      "timestamp": "2025-03-01T09:38:35.608571+00:00",
      "side": "SELL",
      "price": 586.0,
      "quantity": 100,
      "order_type": "LIMIT"
    },
    {
      "timestamp": "2025-03-01T09:38:35.662975+00:00",
      "side": "SELL",
      "price": 585.98,
      "quantity": 100,
      "order_type": "LIMIT"
    },
    {
      "timestamp": "2025-03-01T09:38:35.718902+00:00",
      "side": "SELL",
      "price": 586.0,
      "quantity": 100,
      "order_type": "LIMIT"
    },
    {
      "timestamp": "2025-03-01T09:38:35.762274+00:00",
      "side": "SELL",
      "price": 586.02,
      "quantity": 100,
      "order_type": "LIMIT"
    },
    {
      "timestamp": "2025-03-01T09:38:35.795919+00:00",
      "side": "SELL",
      "price": 586.02,
      "quantity": 100,
      "order_type": "LIMIT"
    },
    {
      "timestamp": "2025-03-01T09:38:35.984635+00:00",
      "side": "BUY",
      "price": 585.71,
      "quantity": 100,
      "order_type": "LIMIT"
    },
    {
      "timestamp": "2025-03-01T09:38:37.500086+00:00",
      "side": "BUY",
      "price": 585.37,
      "quantity": 100,
      "order_type": "LIMIT"
    },
    {
      "timestamp": "2025-03-01T09:38:38.062672+00:00",
      "side": "BUY",
      "price": 585.51,
      "quantity": 200,
      "order_type": "LIMIT"
    },
    {
      "timestamp": "2025-03-01T09:38:38.504128+00:00",
      "side": "SELL",
      "price": 585.92,
      "quantity": 200,
      "order_type": "LIMIT"
    },
    {
      "timestamp": "2025-03-01T09:38:38.530928+00:00",
      "side": "SELL",
      "price": 585.96,
      "quantity": 200,
      "order_type": "LIMIT"
    },
    {
      "timestamp": "2025-03-01T09:38:39.235289+00:00",
      "side": "SELL",
      "price": 585.94,
      "quantity": 100,
      "order_type": "LIMIT"
    },
    {
      "timestamp": "2025-03-01T09:38:41.719041+00:00",
      "side": "BUY",
      "price": 585.69,
      "quantity": 100,
      "order_type": "LIMIT"
    },
    {
      "timestamp": "2025-03-01T09:38:46.147222+00:00",
      "side": "SELL",
      "price": 585.92,
      "quantity": 100,
      "order_type": "LIMIT"
    },
    {
      "timestamp": "2025-03-01T09:38:49.538364+00:00",
      "side": "BUY",
      "price": 585.52,
      "quantity": 200,
      "order_type": "LIMIT"
    },
    {
      "timestamp": "2025-03-01T09:38:52.844380+00:00",
      "side": "BUY",
      "price": 585.25,
      "quantity": 45,
      "order_type": "LIMIT"
    },
    {
      "timestamp": "2025-03-01T09:38:55.158028+00:00",
      "side": "SELL",
      "price": 585.99,
      "quantity": 100,
      "order_type": "LIMIT"
    },
    {
      "timestamp": "2025-03-01T09:38:55.337414+00:00",
      "side": "BUY",
      "price": 586.06,
      "quantity": 5,
      "order_type": "LIMIT"
    },
    {
      "timestamp": "2025-03-01T09:38:56.087632+00:00",
      "side": "SELL",
      "price": 586.2,
      "quantity": 200,
      "order_type": "LIMIT"
    },
    {
      "timestamp": "2025-03-01T09:38:56.149174+00:00",
      "side": "SELL",
      "price": 586.17,
      "quantity": 200,
      "order_type": "LIMIT"
    },
    {
      "timestamp": "2025-03-01T09:38:56.162653+00:00",
      "side": "SELL",
      "price": 586.17,
      "quantity": 200,
      "order_type": "LIMIT"
    },
    {
      "timestamp": "2025-03-01T09:38:56.221143+00:00",
      "side": "SELL",
      "price": 586.18,
      "quantity": 200,
      "order_type": "LIMIT"
    },
    {
      "timestamp": "2025-03-01T09:38:56.284342+00:00",
      "side": "SELL",
      "price": 586.17,
      "quantity": 200,
      "order_type": "LIMIT"
    },
    {
      "timestamp": "2025-03-01T09:38:56.356651+00:00",
      "side": "SELL",
      "price": 586.17,
      "quantity": 200,
      "order_type": "LIMIT"
    },
    {
      "timestamp": "2025-03-01T09:38:56.419862+00:00",
      "side": "SELL",
      "price": 586.17,
      "quantity": 200,
      "order_type": "LIMIT"
    },
    {
      "timestamp": "2025-03-01T09:38:56.949557+00:00",
      "side": "SELL",
      "price": 586.17,
      "quantity": 200,
      "order_type": "LIMIT"
    },
    {
      "timestamp": "2025-03-01T09:38:57.012516+00:00",
      "side": "SELL",
      "price": 586.17,
      "quantity": 200,
      "order_type": "LIMIT"
    },
    {
      "timestamp": "2025-03-01T09:38:57.084566+00:00",
      "side": "SELL",
      "price": 586.17,
      "quantity": 200,
      "order_type": "LIMIT"
    },
    {
      "timestamp": "2025-03-01T09:38:57.172398+00:00",
      "side": "SELL",
      "price": 586.16,
      "quantity": 200,
      "order_type": "LIMIT"
    },
    {
      "timestamp": "2025-03-01T09:38:57.235394+00:00",
      "side": "SELL",
      "price": 586.16,
      "quantity": 200,
      "order_type": "LIMIT"
    },
    {
      "timestamp": "2025-03-01T09:38:57.296232+00:00",
      "side": "SELL",
      "price": 586.16,
      "quantity": 200,
      "order_type": "LIMIT"
    },
    {
      "timestamp": "2025-03-01T09:38:57.368437+00:00",
      "side": "SELL",
      "price": 586.16,
      "quantity": 200,
      "order_type": "LIMIT"
    },
    {
      "timestamp": "2025-03-01T09:38:57.438299+00:00",
      "side": "BUY",
      "price": 585.7,
      "quantity": 100,
      "order_type": "LIMIT"
    },
    {
      "timestamp": "2025-03-01T09:38:57.507472+00:00",
      "side": "SELL",
      "price": 586.17,
      "quantity": 200,
      "order_type": "LIMIT"
    },
    {
      "timestamp": "2025-03-01T09:38:57.571641+00:00",
      "side": "SELL",
      "price": 586.16,
      "quantity": 200,
      "order_type": "LIMIT"
    },
    {
      "timestamp": "2025-03-01T09:38:57.644348+00:00",
      "side": "SELL",
      "price": 586.16,
      "quantity": 200,
      "order_type": "LIMIT"
    },
    {
      "timestamp": "2025-03-01T09:38:57.712843+00:00",
      "side": "SELL",
      "price": 586.17,
      "quantity": 200,
      "order_type": "LIMIT"
    },
    {
      "timestamp": "2025-03-01T09:38:57.770529+00:00",
      "side": "SELL",
      "price": 586.17,
      "quantity": 200,
      "order_type": "LIMIT"
    },
    {
      "timestamp": "2025-03-01T09:38:57.833505+00:00",
      "side": "SELL",
      "price": 586.17,
      "quantity": 200,
      "order_type": "LIMIT"
    },
    {
      "timestamp": "2025-03-01T09:39:00.578908+00:00",
      "side": "BUY",
      "price": 585.82,
      "quantity": 100,
      "order_type": "LIMIT"
    },
    {
      "timestamp": "2025-03-01T09:39:01.231540+00:00",
      "side": "SELL",
      "price": 585.98,
      "quantity": 18,
      "order_type": "LIMIT"
    },
    {
      "timestamp": "2025-03-01T09:39:02.074830+00:00",
      "side": "SELL",
      "price": 585.99,
      "quantity": 18,
      "order_type": "LIMIT"
    },
    {
      "timestamp": "2025-03-01T09:39:03.996736+00:00",
      "side": "BUY",
      "price": 585.4,
      "quantity": 100,
      "order_type": "LIMIT"
    },
    {
      "timestamp": "2025-03-01T09:39:08.358261+00:00",
      "side": "SELL",
      "price": 586.15,
      "quantity": 18,
      "order_type": "LIMIT"
    },
    {
      "timestamp": "2025-03-01T09:39:09.236703+00:00",
      "side": "SELL",
      "price": 586.08,
      "quantity": 18,
      "order_type": "LIMIT"
    },
    {
      "timestamp": "2025-03-01T09:39:09.384327+00:00",
      "side": "BUY",
      "price": 585.81,
      "quantity": 100,
      "order_type": "LIMIT"
    },
    {
      "timestamp": "2025-03-01T09:39:11.559741+00:00",
      "side": "BUY",
      "price": 585.38,
      "quantity": 200,
      "order_type": "LIMIT"
    },
    {
      "timestamp": "2025-03-01T09:39:14.575288+00:00",
      "side": "SELL",
      "price": 586.08,
      "quantity": 100,
      "order_type": "LIMIT"
    },
    {
      "timestamp": "2025-03-01T09:39:15.768736+00:00",
      "side": "SELL",
      "price": 586.06,
      "quantity": 100,
      "order_type": "LIMIT"
    },
    {
      "timestamp": "2025-03-01T09:39:17.695023+00:00",
      "side": "BUY",
      "price": 585.7,
      "quantity": 100,
      "order_type": "LIMIT"
    },
    {
