{
  "AAPL": [
    {
      "timestamp": "2025-03-01T09:30:00.004261+00:00",
      "side": "BUY",
      "price": 585.32,
      "quantity": 18,
      "order_type": "LIMIT"
    },
    {
      "timestamp": "2025-03-01T09:30:00.271740+00:00",
      "side": "BUY",
      "price": 585.73,
      "quantity": 20,
      "order_type": "LIMIT"
    },
    {
      "timestamp": "2025-03-01T09:30:00.271740+00:00",
      "side": "BUY",
      "price": 585.6,
      "quantity": 3,
      "order_type": "LIMIT"
    },
    {
      "timestamp": "2025-03-01T09:30:00.280446+00:00",
      "side": "BUY",
      "price": 585.75,
      "quantity": 18,
      "order_type": "LIMIT"
    },
    {
      "timestamp": "2025-03-01T09:30:00.544528+00:00",
      "side": "SELL",
      "price": 586.33,
      "quantity": 5,
      "order_type": "LIMIT"
    },
    {
      "timestamp": "2025-03-01T09:30:00.888800+00:00",
      "side": "BUY",
      "price": 585.61,
      "quantity": 100,
      "order_type": "LIMIT"
    },
    {
      "timestamp": "2025-03-01T09:30:01.151828+00:00",
      "side": "BUY",
      "price": 585.59,
      "quantity": 15,
      "order_type": "LIMIT"
    },
    {
      "timestamp": "2025-03-01T09:30:01.151828+00:00",
      "side": "SELL",
      "price": 586.0,
      "quantity": 25,
      "order_type": "LIMIT"
    },
    {
      "timestamp": "2025-03-01T09:30:01.151828+00:00",
      "side": "SELL",
      "price": 586.0,
      "quantity": 35,
      "order_type": "LIMIT"
    },
    {
      "timestamp": "2025-03-01T09:30:01.173236+00:00",
      "side": "SELL",
      "price": 585.85,
      "quantity": 18,
      "order_type": "LIMIT"
    },
    {
      "timestamp": "2025-03-01T09:30:01.536412+00:00",
      "side": "SELL",
      "price": 585.8,
      "quantity": 18,
      "order_type": "LIMIT"
    },
    {
      "timestamp": "2025-03-01T09:30:02.034400+00:00",
      "side": "SELL",
      "price": 585.74,
      "quantity": 18,
      "order_type": "LIMIT"
    },
    {
      "timestamp": "2025-03-01T09:30:02.492023+00:00",
      "side": "BUY",
      "price": 585.42,
      "quantity": 100,
      "order_type": "LIMIT"
    },
    {
      "timestamp": "2025-03-01T09:30:02.682743+00:00",
      "side": "SELL",
      "price": 585.72,
      "quantity": 2,
      "order_type": "LIMIT"
    },
    {
      "timestamp": "2025-03-01T09:30:03.122242+00:00",
      "side": "BUY",
      "price": 585.46,
      "quantity": 10,
      "order_type": "LIMIT"
    },
    {
      "timestamp": "2025-03-01T09:30:03.599944+00:00",
      "side": "BUY",
      "price": 585.17,
      "quantity": 10,
      "order_type": "LIMIT"
    },
    {
      "timestamp": "2025-03-01T09:30:04.398423+00:00",
      "side": "SELL",
      "price": 585.77,
      "quantity": 18,
      "order_type": "LIMIT"
    },
    {
      "timestamp": "2025-03-01T09:30:05.308995+00:00",
      "side": "SELL",
      "price": 585.65,
      "quantity": 18,
      "order_type": "LIMIT"
    },
    {
      "timestamp": "2025-03-01T09:30:06.291926+00:00",
      "side": "BUY",
      "price": 585.48,
      "quantity": 45,
      "order_type": "LIMIT"
    },
    {
      "timestamp": "2025-03-01T09:30:09.494770+00:00",
      "side": "BUY",
      "price": 585.49,
      "quantity": 67,
      "order_type": "LIMIT"
    },
    {
      "timestamp": "2025-03-01T09:30:10.047333+00:00",
      "side": "BUY",
      "price": 585.47,
      "quantity": 18,
      "order_type": "LIMIT"
    },
    {
      "timestamp": "2025-03-01T09:30:10.847585+00:00",
      "side": "SELL",
      "price": 585.64,
      "quantity": 18,
      "order_type": "LIMIT"
    },
    {
      "timestamp": "2025-03-01T09:30:11.439241+00:00",
      "side": "SELL",
      "price": 585.58,
      "quantity": 100,
      "order_type": "LIMIT"
    },
    {
      "timestamp": "2025-03-01T09:30:12.080287+00:00",
      "side": "BUY",
      "price": 585.39,
      "quantity": 1,
      "order_type": "LIMIT"
    },
    {
      "timestamp": "2025-03-01T09:30:15.089261+00:00",
      "side": "BUY",
      "price": 585.36,
      "quantity": 100,
      "order_type": "LIMIT"
    },
    {
      "timestamp": "2025-03-01T09:30:19.279165+00:00",
      "side": "SELL",
      "price": 585.64,
      "quantity": 18,
      "order_type": "LIMIT"
    },
    {
      "timestamp": "2025-03-01T09:30:19.540787+00:00",
      "side": "SELL",
      "price": 585.62,
      "quantity": 18,
      "order_type": "LIMIT"
    },
    {
      "timestamp": "2025-03-01T09:30:23.272882+00:00",
      "side": "SELL",
      "price": 585.68,
      "quantity": 18,
      "order_type": "LIMIT"
    },
    {
      "timestamp": "2025-03-01T09:30:26.533782+00:00",
      "side": "SELL",
      "price": 585.68,
      "quantity": 18,
      "order_type": "LIMIT"
    },
    {
      "timestamp": "2025-03-01T09:30:27.595283+00:00",
      "side": "SELL",
      "price": 585.64,
      "quantity": 14,
      "order_type": "LIMIT"
    },
    {
      "timestamp": "2025-03-01T09:30:29.482287+00:00",
      "side": "SELL",
      "price": 585.77,
      "quantity": 18,
      "order_type": "LIMIT"
    },
    {
      "timestamp": "2025-03-01T09:30:29.984899+00:00",
      "side": "SELL",
      "price": 585.8,
      "quantity": 18,
      "order_type": "LIMIT"
    },
    {
      "timestamp": "2025-03-01T09:30:31.437491+00:00",
      "side": "SELL",
      "price": 585.79,
      "quantity": 18,
      "order_type": "LIMIT"
    },
    {
      "timestamp": "2025-03-01T09:30:33.005377+00:00",
      "side": "SELL",
      "price": 585.77,
      "quantity": 18,
      "order_type": "LIMIT"
    },
    {
      "timestamp": "2025-03-01T09:30:33.615478+00:00",
      "side": "SELL",
      "price": 585.74,
      "quantity": 12,
      "order_type": "LIMIT"
    },
    {
      "timestamp": "2025-03-01T09:30:34.279409+00:00",
      "side": "SELL",
      "price": 585.72,
      "quantity": 18,
      "order_type": "LIMIT"
    },
    {
      "timestamp": "2025-03-01T09:30:34.554421+00:00",
      "side": "BUY",
      "price": 585.53,
      "quantity": 16,
      "order_type": "LIMIT"
    },
    {
      "timestamp": "2025-03-01T09:30:35.628076+00:00",
      "side": "BUY",
      "price": 585.53,
      "quantity": 12,
      "order_type": "LIMIT"
    },
    {
      "timestamp": "2025-03-01T09:30:37.023415+00:00",
      "side": "BUY",
      "price": 585.54,
      "quantity": 18,
      "order_type": "LIMIT"
    },
    {
      "timestamp": "2025-03-01T09:30:38.134767+00:00",
      "side": "BUY",
      "price": 585.44,
      "quantity": 35,
      "order_type": "LIMIT"
    },
    {
      "timestamp": "2025-03-01T09:30:42.087394+00:00",
      "side": "SELL",
      "price": 585.68,
      "quantity": 18,
      "order_type": "LIMIT"
    },
    {
      "timestamp": "2025-03-01T09:30:42.540037+00:00",
      "side": "SELL",
      "price": 585.52,
      "quantity": 18,
      "order_type": "LIMIT"
    },
    {
      "timestamp": "2025-03-01T09:30:44.070758+00:00",
      "side": "SELL",
      "price": 585.51,
      "quantity": 18,
      "order_type": "LIMIT"
    },
    {
      "timestamp": "2025-03-01T09:30:46.779300+00:00",
      "side": "SELL",
      "price": 585.47,
      "quantity": 18,
      "order_type": "LIMIT"
    },
    {
      "timestamp": "2025-03-01T09:30:47.340927+00:00",
      "side": "BUY",
      "price": 585.18,
      "quantity": 12,
      "order_type": "LIMIT"
    },
    {
      "timestamp": "2025-03-01T09:30:47.573192+00:00",
      "side": "SELL",
      "price": 585.79,
      "quantity": 18,
      "order_type": "LIMIT"
    },
    {
      "timestamp": "2025-03-01T09:30:47.682129+00:00",
      "side": "BUY",
      "price": 585.35,
      "quantity": 18,
      "order_type": "LIMIT"
    },
    {
      "timestamp": "2025-03-01T09:30:49.086406+00:00",
      "side": "BUY",
      "price": 585.34,
      "quantity": 18,
      "order_type": "LIMIT"
    },
    {
      "timestamp": "2025-03-01T09:30:52.020933+00:00",
      "side": "BUY",
      "price": 585.32,
      "quantity": 18,
      "order_type": "LIMIT"
    },
    {
      "timestamp": "2025-03-01T09:30:52.027497+00:00",
      "side": "SELL",
      "price": 585.72,
      "quantity": 100,
      "order_type": "LIMIT"
    },
    {
      "timestamp": "2025-03-01T09:30:52.277301+00:00",
      "side": "SELL",
      "price": 585.86,
      "quantity": 100,
      "order_type": "LIMIT"
    },
    {
      "timestamp": "2025-03-01T09:30:53.634636+00:00",
      "side": "BUY",
      "price": 585.33,
      "quantity": 18,
      "order_type": "LIMIT"
    },
    {
      "timestamp": "2025-03-01T09:30:56.190757+00:00",
      "side": "BUY",
      "price": 585.33,
      "quantity": 18,
      "order_type": "LIMIT"
    },
    {
      "timestamp": "2025-03-01T09:30:56.971418+00:00",
      "side": "BUY",
      "price": 585.57,
      "quantity": 35,
      "order_type": "LIMIT"
    },
    {
      "timestamp": "2025-03-01T09:30:57.082989+00:00",
      "side": "BUY",
      "price": 585.24,
      "quantity": 100,
      "order_type": "LIMIT"
    },
    {
      "timestamp": "2025-03-01T09:30:58.201978+00:00",
      "side": "BUY",
      "price": 585.35,
      "quantity": 6,
      "order_type": "LIMIT"
    },
    {
      "timestamp": "2025-03-01T09:30:59.575225+00:00",
      "side": "SELL",
      "price": 585.63,
      "quantity": 18,
      "order_type": "LIMIT"
    },
    {
      "timestamp": "2025-03-01T09:30:59.729111+00:00",
      "side": "SELL",
      "price": 585.64,
      "quantity": 100,
      "order_type": "LIMIT"
    },
    {
      "timestamp": "2025-03-01T09:30:59.896221+00:00",
      "side": "BUY",
      "price": 585.35,
      "quantity": 6,
      "order_type": "LIMIT"
    },
    {
      "timestamp": "2025-03-01T09:30:59.967097+00:00",
      "side": "BUY",
      "price": 585.38,
      "quantity": 2,
      "order_type": "LIMIT"
    },
    {
      "timestamp": "2025-03-01T09:31:00.195652+00:00",
      "side": "SELL",
      "price": 585.63,
      "quantity": 100,
      "order_type": "LIMIT"
    },
    {
      "timestamp": "2025-03-01T09:31:01.267546+00:00",
      "side": "BUY",
      "price": 585.33,
      "quantity": 18,
      "order_type": "LIMIT"
    },
    {
      "timestamp": "2025-03-01T09:31:01.823945+00:00",
      "side": "BUY",
      "price": 585.34,
      "quantity": 18,
      "order_type": "LIMIT"
    },
    {
      "timestamp": "2025-03-01T09:31:01.830208+00:00",
      "side": "SELL",
      "price": 585.64,
      "quantity": 100,
      "order_type": "LIMIT"
    },
    {
      "timestamp": "2025-03-01T09:31:02.708847+00:00",
      "side": "BUY",
      "price": 585.33,
      "quantity": 18,
      "order_type": "LIMIT"
    },
    {
      "timestamp": "2025-03-01T09:31:04.212680+00:00",
      "side": "BUY",
      "price": 585.33,
      "quantity": 18,
      "order_type": "LIMIT"
    },
    {
      "timestamp": "2025-03-01T09:31:04.611660+00:00",
      "side": "BUY",
      "price": 585.32,
      "quantity": 18,
      "order_type": "LIMIT"
    },
    {
      "timestamp": "2025-03-01T09:31:06.056037+00:00",
      "side": "BUY",
      "price": 585.35,
      "quantity": 18,
      "order_type": "LIMIT"
    },
    {
      "timestamp": "2025-03-01T09:31:10.025572+00:00",
      "side": "BUY",
      "price": 585.21,
      "quantity": 100,
      "order_type": "LIMIT"
    },
    {
      "timestamp": "2025-03-01T09:31:10.107022+00:00",
      "side": "SELL",
      "price": 585.5,
      "quantity": 100,
      "order_type": "LIMIT"
    },
    {
      "timestamp": "2025-03-01T09:31:10.256723+00:00",
      "side": "SELL",
      "price": 585.76,
      "quantity": 200,
      "order_type": "LIMIT"
    },
    {
      "timestamp": "2025-03-01T09:31:10.607423+00:00",
      "side": "SELL",
      "price": 585.77,
      "quantity": 100,
      "order_type": "LIMIT"
    },
    {
      "timestamp": "2025-03-01T09:31:12.821962+00:00",
      "side": "BUY",
      "price": 585.38,
      "quantity": 18,
      "order_type": "LIMIT"
    },
    {
      "timestamp": "2025-03-01T09:31:13.978292+00:00",
      "side": "BUY",
      "price": 585.4,
      "quantity": 18,
      "order_type": "LIMIT"
    },
    {
      "timestamp": "2025-03-01T09:31:16.773441+00:00",
      "side": "SELL",
      "price": 585.63,
      "quantity": 100,
      "order_type": "LIMIT"
    },
    {
      "timestamp": "2025-03-01T09:31:18.001791+00:00",
      "side": "BUY",
      "price": 585.41,
      "quantity": 18,
      "order_type": "LIMIT"
    },
    {
      "timestamp": "2025-03-01T09:31:18.897509+00:00",
      "side": "SELL",
      "price": 585.63,
      "quantity": 100,
      "order_type": "LIMIT"
    },
    {
      "timestamp": "2025-03-01T09:31:19.963386+00:00",
      "side": "BUY",
      "price": 585.45,
      "quantity": 18,
      "order_type": "LIMIT"
    },
    {
      "timestamp": "2025-03-01T09:31:21.153176+00:00",
      "side": "SELL",
      "price": 585.63,
      "quantity": 100,
      "order_type": "LIMIT"
    },
    {
      "timestamp": "2025-03-01T09:31:21.351022+00:00",
      "side": "BUY",
      "price": 585.46,
      "quantity": 100,
      "order_type": "LIMIT"
    },
    {
      "timestamp": "2025-03-01T09:31:21.908846+00:00",
      "side": "BUY",
      "price": 585.47,
      "quantity": 35,
      "order_type": "LIMIT"
    },
    {
      "timestamp": "2025-03-01T09:31:23.543354+00:00",
      "side": "SELL",
      "price": 585.62,
      "quantity": 100,
      "order_type": "LIMIT"
    },
    {
      "timestamp": "2025-03-01T09:31:24.296710+00:00",
      "side": "SELL",
      "price": 585.6,
      "quantity": 100,
      "order_type": "LIMIT"
    },
    {
      "timestamp": "2025-03-01T09:31:24.374321+00:00",
      "side": "SELL",
      "price": 585.59,
      "quantity": 18,
      "order_type": "LIMIT"
    },
    {
      "timestamp": "2025-03-01T09:31:24.946589+00:00",
      "side": "BUY",
      "price": 585.26,
      "quantity": 7,
      "order_type": "LIMIT"
    },
    {
      "timestamp": "2025-03-01T09:31:25.304054+00:00",
      "side": "BUY",
      "price": 585.19,
      "quantity": 100,
      "order_type": "LIMIT"
    },
    {
      "timestamp": "2025-03-01T09:31:25.909108+00:00",
      "side": "SELL",
      "price": 585.46,
      "quantity": 100,
      "order_type": "LIMIT"
    },
    {
      "timestamp": "2025-03-01T09:31:26.422990+00:00",
      "side": "BUY",
      "price": 585.38,
      "quantity": 41,
      "order_type": "LIMIT"
    },
    {
      "timestamp": "2025-03-01T09:31:26.973032+00:00",
      "side": "SELL",
      "price": 585.4,
      "quantity": 100,
      "order_type": "LIMIT"
    },
    {
      "timestamp": "2025-03-01T09:31:27.359969+00:00",
      "side": "BUY",
      "price": 585.19,
      "quantity": 200,
      "order_type": "LIMIT"
    },
    {
      "timestamp": "2025-03-01T09:31:27.725110+00:00",
      "side": "BUY",
      "price": 585.09,
      "quantity": 100,
      "order_type": "LIMIT"
    },
    {
      "timestamp": "2025-03-01T09:31:27.774124+00:00",
      "side": "BUY",
      "price": 585.04,
      "quantity": 100,
      "order_type": "LIMIT"
    },
    {
      "timestamp": "2025-03-01T09:31:27.853213+00:00",
      "side": "SELL",
      "price": 585.46,
      "quantity": 100,
      "order_type": "LIMIT"
    },
    {
      "timestamp": "2025-03-01T09:31:27.949898+00:00",
      "side": "BUY",
      "price": 584.89,
      "quantity": 100,
      "order_type": "LIMIT"
    },
    {
      "timestamp": "2025-03-01T09:31:27.994911+00:00",
      "side": "BUY",
      "price": 585.0,
      "quantity": 50,
      "order_type": "LIMIT"
    },
    {
      "timestamp": "2025-03-01T09:31:28.725361+00:00",
      "side": "SELL",
      "price": 585.01,
      "quantity": 100,
      "order_type": "LIMIT"
    },
    {
      "timestamp": "2025-03-01T09:31:28.755808+00:00",
      "side": "BUY",
      "price": 584.74,
      "quantity": 100,
      "order_type": "LIMIT"
    },
    {
      "timestamp": "2025-03-01T09:31:30.676506+00:00",
      "side": "BUY",
      "price": 584.62,
      "quantity": 100,
      "order_type": "LIMIT"
    },
    {
      "timestamp": "2025-03-01T09:31:31.479582+00:00",
      "side": "SELL",
      "price": 585.13,
      "quantity": 100,
      "order_type": "LIMIT"
    },
    {
      "timestamp": "2025-03-01T09:31:32.369381+00:00",
      "side": "BUY",
      "price": 584.57,
      "quantity": 5,
      "order_type": "LIMIT"
    },
    {
      "timestamp": "2025-03-01T09:31:37.639868+00:00",
      "side": "SELL",
      "price": 584.89,
      "quantity": 100,
      "order_type": "LIMIT"
    },
    {
      "timestamp": "2025-03-01T09:31:43.477192+00:00",
      "side": "SELL",
      "price": 585.0,
      "quantity": 100,
      "order_type": "LIMIT"
    },
    {
      "timestamp": "2025-03-01T09:31:45.102778+00:00",
      "side": "SELL",
      "price": 585.04,
      "quantity": 100,
      "order_type": "LIMIT"
    },
    {
      "timestamp": "2025-03-01T09:31:45.114575+00:00",
      "side": "SELL",
      "price": 585.04,
      "quantity": 100,
      "order_type": "LIMIT"
    },
    {
      "timestamp": "2025-03-01T09:31:45.121610+00:00",
      "side": "SELL",
      "price": 585.29,
      "quantity": 100,
      "order_type": "LIMIT"
    },
    {
      "timestamp": "2025-03-01T09:31:45.129330+00:00",
      "side": "SELL",
      "price": 585.24,
      "quantity": 100,
      "order_type": "LIMIT"
    },
    {
      "timestamp": "2025-03-01T09:31:45.294994+00:00",
      "side": "SELL",
      "price": 585.54,
      "quantity": 18,
      "order_type": "LIMIT"
    },
    {
      "timestamp": "2025-03-01T09:31:46.014017+00:00",
      "side": "SELL",
      "price": 585.22,
      "quantity": 100,
      "order_type": "LIMIT"
    },
    {
      "timestamp": "2025-03-01T09:31:48.408399+00:00",
      "side": "SELL",
      "price": 585.42,
      "quantity": 200,
      "order_type": "LIMIT"
    },
    {
      "timestamp": "2025-03-01T09:31:49.517893+00:00",
      "side": "SELL",
      "price": 585.03,
      "quantity": 1,
      "order_type": "LIMIT"
    },
    {
      "timestamp": "2025-03-01T09:31:49.748465+00:00",
      "side": "SELL",
      "price": 585.38,
      "quantity": 18,
      "order_type": "LIMIT"
    },
    {
      "timestamp": "2025-03-01T09:31:49.998627+00:00",
      "side": "SELL",
      "price": 585.39,
      "quantity": 18,
      "order_type": "LIMIT"
    },
    {
      "timestamp": "2025-03-01T09:31:50.116845+00:00",
      "side": "SELL",
      "price": 585.31,
      "quantity": 1,
      "order_type": "LIMIT"
    },
    {
      "timestamp": "2025-03-01T09:31:50.234002+00:00",
      "side": "SELL",
      "price": 585.39,
      "quantity": 1,
      "order_type": "LIMIT"
    },
    {
      "timestamp": "2025-03-01T09:31:50.364974+00:00",
      "side": "SELL",
      "price": 585.03,
      "quantity": 1,
      "order_type": "LIMIT"
    },
    {
      "timestamp": "2025-03-01T09:31:51.077832+00:00",
      "side": "SELL",
      "price": 585.32,
      "quantity": 18,
      "order_type": "LIMIT"
    },
    {
      "timestamp": "2025-03-01T09:31:51.334194+00:00",
      "side": "SELL",
      "price": 585.39,
      "quantity": 1,
      "order_type": "LIMIT"
    },
    {
      "timestamp": "2025-03-01T09:31:51.648196+00:00",
      "side": "SELL",
      "price": 585.36,
      "quantity": 18,
      "order_type": "LIMIT"
    },
    {
      "timestamp": "2025-03-01T09:31:52.023733+00:00",
      "side": "SELL",
      "price": 585.04,
      "quantity": 100,
      "order_type": "LIMIT"
    },
    {
      "timestamp": "2025-03-01T09:31:52.176906+00:00",
      "side": "SELL",
      "price": 585.24,
      "quantity": 18,
      "order_type": "LIMIT"
    },
    {
      "timestamp": "2025-03-01T09:31:52.580946+00:00",
      "side": "SELL",
      "price": 585.22,
      "quantity": 1,
      "order_type": "LIMIT"
    },
    {
      "timestamp": "2025-03-01T09:31:52.838171+00:00",
      "side": "SELL",
      "price": 585.06,
      "quantity": 100,
      "order_type": "LIMIT"
    },
    {
      "timestamp": "2025-03-01T09:31:53.023469+00:00",
      "side": "SELL",
      "price": 585.24,
      "quantity": 18,
      "order_type": "LIMIT"
    },
    {
      "timestamp": "2025-03-01T09:31:54.157741+00:00",
      "side": "SELL",
      "price": 585.04,
      "quantity": 1,
      "order_type": "LIMIT"
    },
    {
      "timestamp": "2025-03-01T09:31:54.419783+00:00",
      "side": "SELL",
      "price": 585.28,
      "quantity": 2,
      "order_type": "LIMIT"
    },
    {
      "timestamp": "2025-03-01T09:31:54.529106+00:00",
      "side": "SELL",
      "price": 585.18,
      "quantity": 200,
      "order_type": "LIMIT"
    },
    {
      "timestamp": "2025-03-01T09:31:55.363475+00:00",
      "side": "SELL",
      "price": 585.14,
      "quantity": 100,
      "order_type": "LIMIT"
    },
    {
      "timestamp": "2025-03-01T09:31:56.028141+00:00",
      "side": "SELL",
      "price": 585.14,
      "quantity": 100,
      "order_type": "LIMIT"
    },
    {
      "timestamp": "2025-03-01T09:31:57.180753+00:00",
      "side": "SELL",
      "price": 585.15,
      "quantity": 100,
      "order_type": "LIMIT"
    },
    {
      "timestamp": "2025-03-01T09:31:58.266310+00:00",
      "side": "SELL",
      "price": 585.3,
      "quantity": 100,
      "order_type": "LIMIT"
    },
    {
      "timestamp": "2025-03-01T09:32:01.455689+00:00",
      "side": "BUY",
      "price": 585.01,
      "quantity": 100,
      "order_type": "LIMIT"
    },
    {
      "timestamp": "2025-03-01T09:32:03.489729+00:00",
      "side": "SELL",
      "price": 585.3,
      "quantity": 100,
      "order_type": "LIMIT"
    },
    {
      "timestamp": "2025-03-01T09:32:06.711146+00:00",
      "side": "SELL",
      "price": 585.27,
      "quantity": 200,
      "order_type": "LIMIT"
    },
    {
      "timestamp": "2025-03-01T09:32:08.074922+00:00",
      "side": "BUY",
      "price": 585.09,
      "quantity": 100,
      "order_type": "LIMIT"
    },
    {
      "timestamp": "2025-03-01T09:32:09.829793+00:00",
      "side": "BUY",
      "price": 585.14,
      "quantity": 100,
      "order_type": "LIMIT"
    },
    {
      "timestamp": "2025-03-01T09:32:09.873277+00:00",
      "side": "SELL",
      "price": 585.27,
      "quantity": 100,
      "order_type": "LIMIT"
    },
    {
      "timestamp": "2025-03-01T09:32:10.668428+00:00",
      "side": "SELL",
      "price": 585.23,
      "quantity": 100,
      "order_type": "LIMIT"
    },
    {
      "timestamp": "2025-03-01T09:32:13.621185+00:00",
      "side": "SELL",
      "price": 585.23,
      "quantity": 100,
      "order_type": "LIMIT"
    },
    {
      "timestamp": "2025-03-01T09:32:15.655928+00:00",
      "side": "BUY",
      "price": 584.89,
      "quantity": 100,
      "order_type": "LIMIT"
    },
    {
      "timestamp": "2025-03-01T09:32:20.588111+00:00",
      "side": "BUY",
      "price": 584.79,
      "quantity": 100,
      "order_type": "LIMIT"
    },
    {
      "timestamp": "2025-03-01T09:32:26.152304+00:00",
      "side": "SELL",
      "price": 585.21,
      "quantity": 1,
      "order_type": "LIMIT"
    },
    {
      "timestamp": "2025-03-01T09:32:26.754371+00:00",
      "side": "SELL",
      "price": 585.3,
      "quantity": 1,
      "order_type": "LIMIT"
    },
    {
      "timestamp": "2025-03-01T09:32:27.027794+00:00",
      "side": "SELL",
      "price": 585.32,
      "quantity": 1,
      "order_type": "LIMIT"
    },
    {
      "timestamp": "2025-03-01T09:32:27.298466+00:00",
      "side": "SELL",
      "price": 585.21,
      "quantity": 100,
      "order_type": "LIMIT"
    },
    {
      "timestamp": "2025-03-01T09:32:27.521442+00:00",
      "side": "SELL",
      "price": 585.21,
      "quantity": 1,
      "order_type": "LIMIT"
    },
    {
      "timestamp": "2025-03-01T09:32:29.819806+00:00",
      "side": "SELL",
      "price": 585.4,
      "quantity": 18,
      "order_type": "LIMIT"
    },
    {
      "timestamp": "2025-03-01T09:32:31.425821+00:00",
      "side": "SELL",
      "price": 585.8,
      "quantity": 100,
      "order_type": "LIMIT"
    },
    {
      "timestamp": "2025-03-01T09:32:39.268821+00:00",
      "side": "SELL",
      "price": 585.26,
      "quantity": 100,
      "order_type": "LIMIT"
    },
    {
      "timestamp": "2025-03-01T09:32:40.213106+00:00",
      "side": "SELL",
      "price": 585.09,
      "quantity": 100,
      "order_type": "LIMIT"
    },
    {
      "timestamp": "2025-03-01T09:32:41.743802+00:00",
      "side": "BUY",
      "price": 584.73,
      "quantity": 100,
      "order_type": "LIMIT"
    },
    {
      "timestamp": "2025-03-01T09:32:44.510749+00:00",
      "side": "SELL",
      "price": 585.13,
      "quantity": 1,
      "order_type": "LIMIT"
    },
    {
      "timestamp": "2025-03-01T09:32:45.115800+00:00",
      "side": "SELL",
      "price": 585.17,
      "quantity": 200,
      "order_type": "LIMIT"
    },
    {
      "timestamp": "2025-03-01T09:32:45.571789+00:00",
      "side": "SELL",
      "price": 585.17,
      "quantity": 200,
      "order_type": "LIMIT"
    },
    {
      "timestamp": "2025-03-01T09:32:50.182566+00:00",
      "side": "BUY",
      "price": 585.0,
      "quantity": 98,
      "order_type": "LIMIT"
    },
    {
      "timestamp": "2025-03-01T09:32:54.070493+00:00",
      "side": "BUY",
      "price": 585.01,
      "quantity": 15,
      "order_type": "LIMIT"
    },
    {
      "timestamp": "2025-03-01T09:32:55.819564+00:00",
      "side": "BUY",
      "price": 585.03,
      "quantity": 100,
      "order_type": "LIMIT"
    },
    {
      "timestamp": "2025-03-01T09:32:55.944839+00:00",
      "side": "BUY",
      "price": 585.18,
      "quantity": 100,
      "order_type": "LIMIT"
    },
    {
      "timestamp": "2025-03-01T09:32:56.017095+00:00",
      "side": "BUY",
      "price": 585.22,
      "quantity": 300,
      "order_type": "LIMIT"
    },
    {
      "timestamp": "2025-03-01T09:32:56.022335+00:00",
      "side": "BUY",
      "price": 585.18,
      "quantity": 100,
      "order_type": "LIMIT"
    },
    {
      "timestamp": "2025-03-01T09:32:56.028849+00:00",
      "side": "BUY",
      "price": 585.21,
      "quantity": 100,
      "order_type": "LIMIT"
    },
    {
      "timestamp": "2025-03-01T09:32:56.037403+00:00",
      "side": "BUY",
      "price": 585.22,
      "quantity": 100,
      "order_type": "LIMIT"
    },
    {
      "timestamp": "2025-03-01T09:32:56.444739+00:00",
      "side": "BUY",
      "price": 585.22,
      "quantity": 100,
      "order_type": "LIMIT"
    },
    {
      "timestamp": "2025-03-01T09:32:56.481318+00:00",
      "side": "BUY",
      "price": 585.24,
      "quantity": 100,
      "order_type": "LIMIT"
    },
    {
      "timestamp": "2025-03-01T09:32:57.949800+00:00",
      "side": "BUY",
      "price": 585.27,
      "quantity": 100,
      "order_type": "LIMIT"
    },
    {
      "timestamp": "2025-03-01T09:32:59.284402+00:00",
      "side": "BUY",
      "price": 585.31,
      "quantity": 100,
      "order_type": "LIMIT"
    },
    {
      "timestamp": "2025-03-01T09:32:59.444873+00:00",
      "side": "BUY",
      "price": 585.32,
      "quantity": 253,
      "order_type": "LIMIT"
    },
    {
      "timestamp": "2025-03-01T09:33:00.056270+00:00",
      "side": "BUY",
      "price": 585.32,
      "quantity": 253,
      "order_type": "LIMIT"
    },
    {
      "timestamp": "2025-03-01T09:33:01.210136+00:00",
      "side": "BUY",
      "price": 585.61,
      "quantity": 100,
      "order_type": "LIMIT"
    },
    {
      "timestamp": "2025-03-01T09:33:02.353821+00:00",
      "side": "SELL",
      "price": 585.75,
      "quantity": 100,
      "order_type": "LIMIT"
    },
    {
      "timestamp": "2025-03-01T09:33:03.346048+00:00",
      "side": "BUY",
      "price": 585.53,
      "quantity": 100,
      "order_type": "LIMIT"
    },
    {
      "timestamp": "2025-03-01T09:33:03.532937+00:00",
      "side": "BUY",
      "price": 585.27,
      "quantity": 200,
      "order_type": "LIMIT"
    },
    {
      "timestamp": "2025-03-01T09:33:03.551716+00:00",
      "side": "BUY",
      "price": 585.15,
      "quantity": 200,
      "order_type": "LIMIT"
    },
    {
      "timestamp": "2025-03-01T09:33:03.576324+00:00",
      "side": "BUY",
      "price": 585.17,
      "quantity": 200,
      "order_type": "LIMIT"
    },
    {
      "timestamp": "2025-03-01T09:33:03.887702+00:00",
      "side": "BUY",
      "price": 585.15,
      "quantity": 178,
      "order_type": "LIMIT"
    },
    {
      "timestamp": "2025-03-01T09:33:04.427026+00:00",
      "side": "SELL",
      "price": 585.6,
      "quantity": 201,
      "order_type": "LIMIT"
    },
    {
      "timestamp": "2025-03-01T09:33:05.234493+00:00",
      "side": "BUY",
      "price": 585.27,
      "quantity": 201,
      "order_type": "LIMIT"
    },
    {
      "timestamp": "2025-03-01T09:33:05.256974+00:00",
      "side": "BUY",
      "price": 585.27,
      "quantity": 201,
      "order_type": "LIMIT"
    },
    {
      "timestamp": "2025-03-01T09:33:05.281977+00:00",
      "side": "BUY",
      "price": 585.27,
      "quantity": 201,
      "order_type": "LIMIT"
    },
    {
      "timestamp": "2025-03-01T09:33:05.331815+00:00",
      "side": "BUY",
      "price": 585.27,
      "quantity": 201,
      "order_type": "LIMIT"
    },
    {
      "timestamp": "2025-03-01T09:33:06.241008+00:00",
      "side": "SELL",
      "price": 585.63,
      "quantity": 18,
      "order_type": "LIMIT"
    },
    {
      "timestamp": "2025-03-01T09:33:07.092275+00:00",
      "side": "SELL",
      "price": 585.62,
      "quantity": 18,
      "order_type": "LIMIT"
    },
    {
      "timestamp": "2025-03-01T09:33:07.372907+00:00",
      "side": "BUY",
      "price": 585.32,
      "quantity": 178,
      "order_type": "LIMIT"
    },
    {
      "timestamp": "2025-03-01T09:33:08.815161+00:00",
      "side": "BUY",
      "price": 585.39,
      "quantity": 100,
      "order_type": "LIMIT"
    },
    {
      "timestamp": "2025-03-01T09:33:09.201550+00:00",
      "side": "BUY",
      "price": 585.39,
      "quantity": 151,
      "order_type": "LIMIT"
    },
    {
      "timestamp": "2025-03-01T09:33:09.377107+00:00",
      "side": "BUY",
      "price": 585.39,
      "quantity": 151,
      "order_type": "LIMIT"
    },
    {
      "timestamp": "2025-03-01T09:33:09.605805+00:00",
      "side": "BUY",
      "price": 585.26,
      "quantity": 151,
      "order_type": "LIMIT"
    },
    {
      "timestamp": "2025-03-01T09:33:09.641565+00:00",
      "side": "SELL",
      "price": 585.58,
      "quantity": 100,
      "order_type": "LIMIT"
    },
    {
      "timestamp": "2025-03-01T09:33:12.020133+00:00",
      "side": "BUY",
      "price": 585.04,
      "quantity": 100,
      "order_type": "LIMIT"
    },
    {
      "timestamp": "2025-03-01T09:33:14.279021+00:00",
      "side": "SELL",
      "price": 585.72,
      "quantity": 200,
      "order_type": "LIMIT"
    },
    {
      "timestamp": "2025-03-01T09:33:14.965921+00:00",
      "side": "BUY",
      "price": 585.14,
      "quantity": 18,
      "order_type": "LIMIT"
    },
    {
      "timestamp": "2025-03-01T09:33:15.856319+00:00",
      "side": "BUY",
      "price": 585.09,
      "quantity": 200,
      "order_type": "LIMIT"
    },
    {
      "timestamp": "2025-03-01T09:33:15.901673+00:00",
      "side": "BUY",
      "price": 585.37,
      "quantity": 8,
      "order_type": "LIMIT"
    },
    {
      "timestamp": "2025-03-01T09:33:16.447132+00:00",
      "side": "SELL",
      "price": 585.82,
      "quantity": 200,
      "order_type": "LIMIT"
    },
    {
      "timestamp": "2025-03-01T09:33:17.101663+00:00",
      "side": "BUY",
      "price": 585.43,
      "quantity": 18,
      "order_type": "LIMIT"
    },
    {
      "timestamp": "2025-03-01T09:33:17.313385+00:00",
      "side": "BUY",
      "price": 585.3,
      "quantity": 20,
      "order_type": "LIMIT"
    },
    {
      "timestamp": "2025-03-01T09:33:17.398301+00:00",
      "side": "BUY",
      "price": 585.3,
      "quantity": 20,
      "order_type": "LIMIT"
    },
    {
      "timestamp": "2025-03-01T09:33:17.402711+00:00",
      "side": "BUY",
      "price": 585.45,
      "quantity": 14,
      "order_type": "LIMIT"
    },
    {
      "timestamp": "2025-03-01T09:33:17.464326+00:00",
      "side": "SELL",
      "price": 585.89,
      "quantity": 200,
      "order_type": "LIMIT"
    },
    {
      "timestamp": "2025-03-01T09:33:17.621077+00:00",
      "side": "SELL",
      "price": 585.92,
      "quantity": 200,
      "order_type": "LIMIT"
    },
    {
      "timestamp": "2025-03-01T09:33:17.770697+00:00",
      "side": "BUY",
      "price": 585.44,
      "quantity": 200,
      "order_type": "LIMIT"
    },
    {
      "timestamp": "2025-03-01T09:33:17.852977+00:00",
      "side": "BUY",
      "price": 585.48,
      "quantity": 18,
      "order_type": "LIMIT"
    },
    {
      "timestamp": "2025-03-01T09:33:17.867162+00:00",
      "side": "SELL",
      "price": 585.85,
      "quantity": 12,
      "order_type": "LIMIT"
    },
    {
      "timestamp": "2025-03-01T09:33:18.120249+00:00",
      "side": "SELL",
      "price": 585.96,
      "quantity": 100,
      "order_type": "LIMIT"
    },
    {
      "timestamp": "2025-03-01T09:33:18.460420+00:00",
      "side": "SELL",
      "price": 585.99,
      "quantity": 100,
      "order_type": "LIMIT"
    },
    {
      "timestamp": "2025-03-01T09:33:19.167217+00:00",
      "side": "SELL",
      "price": 585.99,
      "quantity": 18,
      "order_type": "LIMIT"
    },
    {
      "timestamp": "2025-03-01T09:33:19.220832+00:00",
      "side": "BUY",
      "price": 585.65,
      "quantity": 6,
      "order_type": "LIMIT"
    },
    {
      "timestamp": "2025-03-01T09:33:19.267690+00:00",
      "side": "SELL",
      "price": 586.11,
      "quantity": 200,
      "order_type": "LIMIT"
    },
    {
      "timestamp": "2025-03-01T09:33:19.316069+00:00",
      "side": "SELL",
      "price": 586.24,
      "quantity": 100,
      "order_type": "LIMIT"
    },
    {
      "timestamp": "2025-03-01T09:33:19.402714+00:00",
      "side": "SELL",
      "price": 586.88,
      "quantity": 18,
      "order_type": "LIMIT"
    },
    {
      "timestamp": "2025-03-01T09:33:19.450330+00:00",
      "side": "BUY",
      "price": 586.12,
      "quantity": 6,
      "order_type": "LIMIT"
    },
    {
      "timestamp": "2025-03-01T09:33:19.599882+00:00",
      "side": "BUY",
      "price": 586.34,
      "quantity": 100,
      "order_type": "LIMIT"
    },
    {
      "timestamp": "2025-03-01T09:33:19.755019+00:00",
      "side": "SELL",
      "price": 586.57,
      "quantity": 100,
      "order_type": "LIMIT"
    },
    {
      "timestamp": "2025-03-01T09:33:20.049409+00:00",
      "side": "BUY",
      "price": 586.07,
      "quantity": 100,
      "order_type": "LIMIT"
    },
    {
      "timestamp": "2025-03-01T09:33:20.066961+00:00",
      "side": "BUY",
      "price": 586.18,
      "quantity": 100,
      "order_type": "LIMIT"
    },
    {
      "timestamp": "2025-03-01T09:33:20.074604+00:00",
      "side": "BUY",
      "price": 586.23,
      "quantity": 100,
      "order_type": "LIMIT"
    },
    {
      "timestamp": "2025-03-01T09:33:20.078929+00:00",
      "side": "BUY",
      "price": 586.16,
      "quantity": 100,
      "order_type": "LIMIT"
    },
    {
      "timestamp": "2025-03-01T09:33:20.082872+00:00",
      "side": "BUY",
      "price": 586.45,
      "quantity": 100,
      "order_type": "LIMIT"
    },
    {
      "timestamp": "2025-03-01T09:33:20.131239+00:00",
      "side": "BUY",
      "price": 586.3,
      "quantity": 18,
      "order_type": "LIMIT"
    },
    {
      "timestamp": "2025-03-01T09:33:20.271231+00:00",
      "side": "BUY",
      "price": 586.06,
      "quantity": 104,
      "order_type": "LIMIT"
    },
    {
      "timestamp": "2025-03-01T09:33:20.286769+00:00",
      "side": "BUY",
      "price": 586.06,
      "quantity": 104,
      "order_type": "LIMIT"
    },
    {
      "timestamp": "2025-03-01T09:33:20.296849+00:00",
      "side": "BUY",
      "price": 586.37,
      "quantity": 18,
      "order_type": "LIMIT"
    },
    {
      "timestamp": "2025-03-01T09:33:20.383285+00:00",
      "side": "BUY",
      "price": 586.06,
      "quantity": 104,
      "order_type": "LIMIT"
    },
    {
      "timestamp": "2025-03-01T09:33:20.422815+00:00",
      "side": "BUY",
      "price": 586.06,
      "quantity": 104,
      "order_type": "LIMIT"
    },
    {
      "timestamp": "2025-03-01T09:33:20.445460+00:00",
      "side": "BUY",
      "price": 586.11,
      "quantity": 18,
      "order_type": "LIMIT"
    },
    {
      "timestamp": "2025-03-01T09:33:20.657563+00:00",
      "side": "SELL",
      "price": 586.65,
      "quantity": 18,
      "order_type": "LIMIT"
    },
    {
      "timestamp": "2025-03-01T09:33:20.714371+00:00",
      "side": "BUY",
      "price": 586.06,
      "quantity": 104,
      "order_type": "LIMIT"
    },
    {
      "timestamp": "2025-03-01T09:33:20.720244+00:00",
      "side": "BUY",
      "price": 586.35,
      "quantity": 100,
      "order_type": "LIMIT"
    },
    {
      "timestamp": "2025-03-01T09:33:20.727344+00:00",
      "side": "BUY",
      "price": 586.18,
      "quantity": 100,
      "order_type": "LIMIT"
    },
    {
      "timestamp": "2025-03-01T09:33:20.994576+00:00",
      "side": "BUY",
      "price": 586.25,
      "quantity": 18,
      "order_type": "LIMIT"
    },
    {
      "timestamp": "2025-03-01T09:33:21.127431+00:00",
      "side": "BUY",
      "price": 586.09,
      "quantity": 18,
      "order_type": "LIMIT"
    },
    {
      "timestamp": "2025-03-01T09:33:21.705711+00:00",
      "side": "BUY",
      "price": 586.3,
      "quantity": 18,
      "order_type": "LIMIT"
    },
    {
      "timestamp": "2025-03-01T09:33:21.783022+00:00",
      "side": "BUY",
      "price": 586.28,
      "quantity": 100,
      "order_type": "LIMIT"
    },
    {
      "timestamp": "2025-03-01T09:33:22.599952+00:00",
      "side": "BUY",
      "price": 586.31,
      "quantity": 18,
      "order_type": "LIMIT"
    },
    {
      "timestamp": "2025-03-01T09:33:22.826158+00:00",
      "side": "SELL",
      "price": 586.79,
      "quantity": 100,
      "order_type": "LIMIT"
    },
    {
      "timestamp": "2025-03-01T09:33:23.538508+00:00",
      "side": "BUY",
      "price": 586.29,
      "quantity": 100,
      "order_type": "LIMIT"
    },
    {
      "timestamp": "2025-03-01T09:33:27.311128+00:00",
      "side": "BUY",
      "price": 585.14,
      "quantity": 100,
      "order_type": "LIMIT"
    },
    {
      "timestamp": "2025-03-01T09:33:29.216613+00:00",
      "side": "BUY",
      "price": 586.69,
      "quantity": 100,
      "order_type": "LIMIT"
    },
    {
      "timestamp": "2025-03-01T09:33:29.327609+00:00",
      "side": "BUY",
      "price": 586.74,
      "quantity": 100,
      "order_type": "LIMIT"
    },
    {
      "timestamp": "2025-03-01T09:33:30.018273+00:00",
      "side": "SELL",
      "price": 586.86,
      "quantity": 100,
      "order_type": "LIMIT"
    },
    {
      "timestamp": "2025-03-01T09:33:30.484650+00:00",
      "side": "SELL",
      "price": 586.86,
      "quantity": 100,
      "order_type": "LIMIT"
    },
    {
      "timestamp": "2025-03-01T09:33:30.643055+00:00",
      "side": "BUY",
      "price": 586.72,
      "quantity": 18,
      "order_type": "LIMIT"
    },
    {
      "timestamp": "2025-03-01T09:33:30.759273+00:00",
      "side": "BUY",
      "price": 586.87,
      "quantity": 3,
      "order_type": "LIMIT"
    },
    {
      "timestamp": "2025-03-01T09:33:30.780576+00:00",
      "side": "BUY",
      "price": 586.76,
      "quantity": 50,
      "order_type": "LIMIT"
    },
    {
      "timestamp": "2025-03-01T09:33:31.528732+00:00",
      "side": "SELL",
      "price": 587.06,
      "quantity": 200,
      "order_type": "LIMIT"
    },
    {
      "timestamp": "2025-03-01T09:33:31.927494+00:00",
      "side": "SELL",
      "price": 587.0,
      "quantity": 300,
      "order_type": "LIMIT"
    },
    {
      "timestamp": "2025-03-01T09:33:32.715860+00:00",
      "side": "SELL",
      "price": 587.0,
      "quantity": 300,
      "order_type": "LIMIT"
    },
    {
      "timestamp": "2025-03-01T09:33:32.810265+00:00",
      "side": "SELL",
      "price": 587.15,
      "quantity": 200,
      "order_type": "LIMIT"
    },
    {
      "timestamp": "2025-03-01T09:33:33.122512+00:00",
      "side": "SELL",
      "price": 587.19,
      "quantity": 200,
      "order_type": "LIMIT"
    },
    {
      "timestamp": "2025-03-01T09:33:33.366716+00:00",
      "side": "SELL",
      "price": 587.11,
      "quantity": 200,
      "order_type": "LIMIT"
    },
    {
      "timestamp": "2025-03-01T09:33:33.861115+00:00",
      "side": "SELL",
      "price": 587.11,
      "quantity": 67,
      "order_type": "LIMIT"
    },
    {
      "timestamp": "2025-03-01T09:33:34.980070+00:00",
      "side": "SELL",
      "price": 587.12,
      "quantity": 200,
      "order_type": "LIMIT"
    },
    {
      "timestamp": "2025-03-01T09:33:35.990060+00:00",
      "side": "BUY",
      "price": 586.8,
      "quantity": 18,
      "order_type": "LIMIT"
    },
    {
      "timestamp": "2025-03-01T09:33:36.616516+00:00",
      "side": "BUY",
      "price": 586.84,
      "quantity": 100,
      "order_type": "LIMIT"
    },
    {
      "timestamp": "2025-03-01T09:33:37.349259+00:00",
      "side": "BUY",
      "price": 586.87,
      "quantity": 14,
      "order_type": "LIMIT"
    },
    {
      "timestamp": "2025-03-01T09:33:39.573457+00:00",
      "side": "SELL",
      "price": 587.06,
      "quantity": 4,
      "order_type": "LIMIT"
    },
    {
      "timestamp": "2025-03-01T09:33:39.597713+00:00",
      "side": "SELL",
      "price": 586.76,
      "quantity": 100,
      "order_type": "LIMIT"
    },
    {
      "timestamp": "2025-03-01T09:33:39.609934+00:00",
      "side": "BUY",
      "price": 586.57,
      "quantity": 100,
      "order_type": "LIMIT"
    },
    {
      "timestamp": "2025-03-01T09:33:39.642792+00:00",
      "side": "BUY",
      "price": 586.29,
      "quantity": 200,
      "order_type": "LIMIT"
    },
    {
      "timestamp": "2025-03-01T09:33:39.654206+00:00",
      "side": "BUY",
      "price": 586.22,
      "quantity": 100,
      "order_type": "LIMIT"
    },
    {
      "timestamp": "2025-03-01T09:33:39.670270+00:00",
      "side": "SELL",
      "price": 586.75,
      "quantity": 60,
      "order_type": "LIMIT"
    },
    {
      "timestamp": "2025-03-01T09:33:39.697698+00:00",
      "side": "BUY",
      "price": 586.2,
      "quantity": 200,
      "order_type": "LIMIT"
    },
    {
      "timestamp": "2025-03-01T09:33:39.729092+00:00",
      "side": "SELL",
      "price": 586.5,
      "quantity": 60,
      "order_type": "LIMIT"
    },
    {
      "timestamp": "2025-03-01T09:33:39.759643+00:00",
      "side": "BUY",
      "price": 586.12,
      "quantity": 18,
      "order_type": "LIMIT"
    },
    {
      "timestamp": "2025-03-01T09:33:39.863965+00:00",
      "side": "SELL",
      "price": 586.58,
      "quantity": 4,
      "order_type": "LIMIT"
    },
    {
      "timestamp": "2025-03-01T09:33:40.041018+00:00",
      "side": "BUY",
      "price": 585.88,
      "quantity": 100,
      "order_type": "LIMIT"
    },
    {
      "timestamp": "2025-03-01T09:33:40.164275+00:00",
      "side": "BUY",
      "price": 585.97,
      "quantity": 18,
      "order_type": "LIMIT"
    },
    {
      "timestamp": "2025-03-01T09:33:40.383863+00:00",
      "side": "BUY",
      "price": 585.18,
      "quantity": 100,
      "order_type": "LIMIT"
    },
    {
      "timestamp": "2025-03-01T09:33:40.542723+00:00",
      "side": "BUY",
      "price": 586.07,
      "quantity": 18,
      "order_type": "LIMIT"
    },
    {
      "timestamp": "2025-03-01T09:33:40.977718+00:00",
      "side": "BUY",
      "price": 585.98,
      "quantity": 100,
      "order_type": "LIMIT"
    },
    {
      "timestamp": "2025-03-01T09:33:41.629162+00:00",
      "side": "BUY",
      "price": 586.04,
      "quantity": 18,
      "order_type": "LIMIT"
    },
    {
      "timestamp": "2025-03-01T09:33:42.364228+00:00",
      "side": "SELL",
      "price": 587.41,
      "quantity": 100,
      "order_type": "LIMIT"
    },
    {
      "timestamp": "2025-03-01T09:33:43.374565+00:00",
      "side": "BUY",
      "price": 586.07,
      "quantity": 18,
      "order_type": "LIMIT"
    },
    {
      "timestamp": "2025-03-01T09:33:45.204435+00:00",
      "side": "SELL",
      "price": 587.0,
      "quantity": 70,
      "order_type": "LIMIT"
    },
    {
      "timestamp": "2025-03-01T09:33:45.309523+00:00",
      "side": "SELL",
      "price": 586.73,
      "quantity": 18,
      "order_type": "LIMIT"
    },
    {
      "timestamp": "2025-03-01T09:33:45.324668+00:00",
      "side": "BUY",
      "price": 586.18,
      "quantity": 200,
      "order_type": "LIMIT"
    },
    {
      "timestamp": "2025-03-01T09:33:45.660552+00:00",
      "side": "SELL",
      "price": 587.0,
      "quantity": 125,
      "order_type": "LIMIT"
    },
    {
      "timestamp": "2025-03-01T09:33:46.429817+00:00",
      "side": "BUY",
      "price": 586.19,
      "quantity": 18,
      "order_type": "LIMIT"
    },
    {
      "timestamp": "2025-03-01T09:33:46.996696+00:00",
      "side": "BUY",
      "price": 586.32,
      "quantity": 18,
      "order_type": "LIMIT"
    },
    {
      "timestamp": "2025-03-01T09:33:49.921848+00:00",
      "side": "BUY",
      "price": 586.29,
      "quantity": 4,
      "order_type": "LIMIT"
    },
    {
      "timestamp": "2025-03-01T09:33:51.067227+00:00",
      "side": "SELL",
      "price": 586.81,
      "quantity": 100,
      "order_type": "LIMIT"
    },
    {
      "timestamp": "2025-03-01T09:33:51.111636+00:00",
      "side": "BUY",
      "price": 586.37,
      "quantity": 200,
      "order_type": "LIMIT"
    },
    {
      "timestamp": "2025-03-01T09:33:51.503149+00:00",
      "side": "SELL",
      "price": 586.73,
      "quantity": 100,
      "order_type": "LIMIT"
    },
    {
      "timestamp": "2025-03-01T09:33:52.416903+00:00",
      "side": "BUY",
      "price": 586.52,
      "quantity": 200,
      "order_type": "LIMIT"
    },
    {
      "timestamp": "2025-03-01T09:33:55.252152+00:00",
      "side": "BUY",
      "price": 585.6,
      "quantity": 50,
      "order_type": "LIMIT"
    },
    {
      "timestamp": "2025-03-01T09:33:56.541813+00:00",
      "side": "BUY",
      "price": 586.68,
      "quantity": 100,
      "order_type": "LIMIT"
    },
    {
      "timestamp": "2025-03-01T09:33:57.258434+00:00",
      "side": "BUY",
      "price": 586.78,
      "quantity": 100,
      "order_type": "LIMIT"
    },
    {
      "timestamp": "2025-03-01T09:33:57.259720+00:00",
      "side": "BUY",
      "price": 586.77,
      "quantity": 100,
      "order_type": "LIMIT"
    },
    {
      "timestamp": "2025-03-01T09:33:57.451565+00:00",
      "side": "SELL",
      "price": 586.83,
      "quantity": 300,
      "order_type": "LIMIT"
    },
    {
      "timestamp": "2025-03-01T09:33:58.317675+00:00",
      "side": "SELL",
      "price": 586.81,
      "quantity": 100,
      "order_type": "LIMIT"
    },
    {
      "timestamp": "2025-03-01T09:33:58.718397+00:00",
      "side": "BUY",
      "price": 586.74,
      "quantity": 100,
      "order_type": "LIMIT"
    },
    {
      "timestamp": "2025-03-01T09:34:00.444552+00:00",
      "side": "SELL",
      "price": 586.98,
      "quantity": 100,
      "order_type": "LIMIT"
    },
    {
      "timestamp": "2025-03-01T09:34:00.486308+00:00",
      "side": "SELL",
      "price": 587.0,
      "quantity": 200,
      "order_type": "LIMIT"
    },
    {
      "timestamp": "2025-03-01T09:34:01.361461+00:00",
      "side": "SELL",
      "price": 587.25,
      "quantity": 200,
      "order_type": "LIMIT"
    },
    {
      "timestamp": "2025-03-01T09:34:01.522753+00:00",
      "side": "BUY",
      "price": 586.87,
      "quantity": 100,
      "order_type": "LIMIT"
    },
    {
      "timestamp": "2025-03-01T09:34:01.526267+00:00",
      "side": "BUY",
      "price": 586.82,
      "quantity": 100,
      "order_type": "LIMIT"
    },
    {
      "timestamp": "2025-03-01T09:34:01.555076+00:00",
      "side": "BUY",
      "price": 586.02,
      "quantity": 100,
      "order_type": "LIMIT"
    },
    {
      "timestamp": "2025-03-01T09:34:01.640611+00:00",
      "side": "BUY",
      "price": 586.83,
      "quantity": 100,
      "order_type": "LIMIT"
    },
    {
      "timestamp": "2025-03-01T09:34:01.714953+00:00",
      "side": "BUY",
      "price": 586.85,
      "quantity": 100,
      "order_type": "LIMIT"
    },
    {
      "timestamp": "2025-03-01T09:34:01.749245+00:00",
      "side": "SELL",
      "price": 587.12,
      "quantity": 200,
      "order_type": "LIMIT"
    },
    {
      "timestamp": "2025-03-01T09:34:01.786252+00:00",
      "side": "SELL",
      "price": 587.12,
      "quantity": 200,
      "order_type": "LIMIT"
    },
    {
      "timestamp": "2025-03-01T09:34:01.848925+00:00",
      "side": "BUY",
      "price": 586.79,
      "quantity": 100,
      "order_type": "LIMIT"
    },
    {
      "timestamp": "2025-03-01T09:34:01.880375+00:00",
      "side": "SELL",
      "price": 587.21,
      "quantity": 100,
      "order_type": "LIMIT"
    },
    {
      "timestamp": "2025-03-01T09:34:01.951198+00:00",
      "side": "BUY",
      "price": 586.67,
      "quantity": 200,
      "order_type": "LIMIT"
    },
    {
      "timestamp": "2025-03-01T09:34:02.034536+00:00",
      "side": "SELL",
      "price": 587.21,
      "quantity": 100,
      "order_type": "LIMIT"
    },
    {
      "timestamp": "2025-03-01T09:34:02.128572+00:00",
      "side": "SELL",
      "price": 587.17,
      "quantity": 100,
      "order_type": "LIMIT"
    },
    {
      "timestamp": "2025-03-01T09:34:02.219767+00:00",
      "side": "SELL",
      "price": 587.09,
      "quantity": 100,
      "order_type": "LIMIT"
    },
    {
      "timestamp": "2025-03-01T09:34:02.286002+00:00",
      "side": "SELL",
      "price": 587.17,
      "quantity": 100,
      "order_type": "LIMIT"
    },
    {
      "timestamp": "2025-03-01T09:34:02.360313+00:00",
      "side": "BUY",
      "price": 586.82,
      "quantity": 18,
      "order_type": "LIMIT"
    },
    {
      "timestamp": "2025-03-01T09:34:02.437789+00:00",
      "side": "SELL",
      "price": 587.1,
      "quantity": 100,
      "order_type": "LIMIT"
    },
    {
      "timestamp": "2025-03-01T09:34:02.653823+00:00",
      "side": "SELL",
      "price": 587.09,
      "quantity": 100,
      "order_type": "LIMIT"
    },
    {
      "timestamp": "2025-03-01T09:34:02.826835+00:00",
      "side": "BUY",
      "price": 586.84,
      "quantity": 18,
      "order_type": "LIMIT"
    },
    {
      "timestamp": "2025-03-01T09:34:03.426845+00:00",
      "side": "SELL",
      "price": 587.21,
      "quantity": 100,
      "order_type": "LIMIT"
    },
    {
      "timestamp": "2025-03-01T09:34:03.579660+00:00",
      "side": "BUY",
      "price": 586.78,
      "quantity": 18,
      "order_type": "LIMIT"
    },
    {
      "timestamp": "2025-03-01T09:34:03.667881+00:00",
      "side": "SELL",
      "price": 587.1,
      "quantity": 100,
      "order_type": "LIMIT"
    },
    {
      "timestamp": "2025-03-01T09:34:03.761621+00:00",
      "side": "BUY",
      "price": 586.68,
      "quantity": 200,
      "order_type": "LIMIT"
    },
    {
      "timestamp": "2025-03-01T09:34:04.143313+00:00",
      "side": "BUY",
      "price": 586.82,
      "quantity": 18,
      "order_type": "LIMIT"
    },
    {
      "timestamp": "2025-03-01T09:34:04.215101+00:00",
      "side": "BUY",
      "price": 586.02,
      "quantity": 100,
      "order_type": "LIMIT"
    },
    {
      "timestamp": "2025-03-01T09:34:05.543120+00:00",
      "side": "BUY",
      "price": 586.02,
      "quantity": 100,
      "order_type": "LIMIT"
    },
    {
      "timestamp": "2025-03-01T09:34:06.836359+00:00",
      "side": "SELL",
      "price": 587.49,
      "quantity": 100,
      "order_type": "LIMIT"
    },
    {
      "timestamp": "2025-03-01T09:34:07.951660+00:00",
      "side": "SELL",
      "price": 587.48,
      "quantity": 100,
      "order_type": "LIMIT"
    },
    {
      "timestamp": "2025-03-01T09:34:08.756271+00:00",
      "side": "BUY",
      "price": 587.27,
      "quantity": 100,
      "order_type": "LIMIT"
    },
    {
      "timestamp": "2025-03-01T09:34:10.032702+00:00",
      "side": "SELL",
      "price": 587.4,
      "quantity": 100,
      "order_type": "LIMIT"
    },
    {
      "timestamp": "2025-03-01T09:34:10.636991+00:00",
      "side": "SELL",
      "price": 587.37,
      "quantity": 100,
      "order_type": "LIMIT"
    },
    {
      "timestamp": "2025-03-01T09:34:11.015184+00:00",
      "side": "BUY",
      "price": 587.22,
      "quantity": 100,
      "order_type": "LIMIT"
    },
    {
      "timestamp": "2025-03-01T09:34:11.779094+00:00",
      "side": "BUY",
      "price": 587.23,
      "quantity": 18,
      "order_type": "LIMIT"
    },
    {
      "timestamp": "2025-03-01T09:34:12.805042+00:00",
      "side": "BUY",
      "price": 587.22,
      "quantity": 18,
      "order_type": "LIMIT"
    },
    {
      "timestamp": "2025-03-01T09:34:14.471881+00:00",
      "side": "SELL",
      "price": 587.56,
      "quantity": 100,
      "order_type": "LIMIT"
    },
    {
      "timestamp": "2025-03-01T09:34:14.980052+00:00",
      "side": "BUY",
      "price": 587.23,
      "quantity": 18,
      "order_type": "LIMIT"
    },
    {
      "timestamp": "2025-03-01T09:34:16.595350+00:00",
      "side": "BUY",
      "price": 587.33,
      "quantity": 100,
      "order_type": "LIMIT"
    },
    {
      "timestamp": "2025-03-01T09:34:17.352773+00:00",
      "side": "BUY",
      "price": 587.3,
      "quantity": 18,
      "order_type": "LIMIT"
    },
    {
      "timestamp": "2025-03-01T09:34:17.456205+00:00",
      "side": "SELL",
      "price": 587.64,
      "quantity": 100,
      "order_type": "LIMIT"
    },
    {
      "timestamp": "2025-03-01T09:34:17.741077+00:00",
      "side": "BUY",
      "price": 587.53,
      "quantity": 100,
      "order_type": "LIMIT"
    },
    {
      "timestamp": "2025-03-01T09:34:18.809246+00:00",
      "side": "SELL",
      "price": 587.85,
      "quantity": 100,
      "order_type": "LIMIT"
    },
    {
      "timestamp": "2025-03-01T09:34:20.118826+00:00",
      "side": "BUY",
      "price": 587.64,
      "quantity": 100,
      "order_type": "LIMIT"
    },
    {
      "timestamp": "2025-03-01T09:34:21.051037+00:00",
      "side": "BUY",
      "price": 587.37,
      "quantity": 200,
      "order_type": "LIMIT"
    },
    {
      "timestamp": "2025-03-01T09:34:22.047679+00:00",
      "side": "SELL",
      "price": 587.77,
      "quantity": 12,
      "order_type": "LIMIT"
    },
    {
      "timestamp": "2025-03-01T09:34:25.198899+00:00",
      "side": "SELL",
      "price": 587.85,
      "quantity": 10,
      "order_type": "LIMIT"
    },
    {
      "timestamp": "2025-03-01T09:34:26.477643+00:00",
      "side": "BUY",
      "price": 587.32,
      "quantity": 200,
      "order_type": "LIMIT"
    },
    {
      "timestamp": "2025-03-01T09:34:26.658373+00:00",
      "side": "BUY",
      "price": 587.3,
      "quantity": 200,
      "order_type": "LIMIT"
    },
    {
      "timestamp": "2025-03-01T09:34:27.367579+00:00",
      "side": "BUY",
      "price": 587.34,
      "quantity": 100,
      "order_type": "LIMIT"
    },
    {
      "timestamp": "2025-03-01T09:34:28.100840+00:00",
      "side": "BUY",
      "price": 587.25,
      "quantity": 100,
      "order_type": "LIMIT"
    },
    {
      "timestamp": "2025-03-01T09:34:28.124685+00:00",
      "side": "BUY",
      "price": 587.29,
      "quantity": 100,
      "order_type": "LIMIT"
    },
    {
      "timestamp": "2025-03-01T09:34:28.844470+00:00",
      "side": "SELL",
      "price": 587.51,
      "quantity": 100,
      "order_type": "LIMIT"
    },
    {
      "timestamp": "2025-03-01T09:34:29.745635+00:00",
      "side": "BUY",
      "price": 587.23,
      "quantity": 100,
      "order_type": "LIMIT"
    },
    {
      "timestamp": "2025-03-01T09:34:30.466330+00:00",
      "side": "BUY",
      "price": 587.25,
      "quantity": 18,
      "order_type": "LIMIT"
    },
    {
      "timestamp": "2025-03-01T09:34:32.048484+00:00",
      "side": "BUY",
      "price": 587.24,
      "quantity": 18,
      "order_type": "LIMIT"
    },
    {
      "timestamp": "2025-03-01T09:34:32.371413+00:00",
      "side": "BUY",
      "price": 587.04,
      "quantity": 100,
      "order_type": "LIMIT"
    },
    {
      "timestamp": "2025-03-01T09:34:36.079319+00:00",
      "side": "SELL",
      "price": 587.3,
      "quantity": 20,
      "order_type": "LIMIT"
    },
    {
      "timestamp": "2025-03-01T09:34:36.409311+00:00",
      "side": "SELL",
      "price": 587.47,
      "quantity": 100,
      "order_type": "LIMIT"
    },
    {
      "timestamp": "2025-03-01T09:34:36.595695+00:00",
      "side": "BUY",
      "price": 587.15,
      "quantity": 18,
      "order_type": "LIMIT"
    },
    {
      "timestamp": "2025-03-01T09:34:37.793027+00:00",
      "side": "BUY",
      "price": 587.0,
      "quantity": 100,
      "order_type": "LIMIT"
    },
    {
      "timestamp": "2025-03-01T09:34:37.877749+00:00",
      "side": "BUY",
      "price": 587.14,
      "quantity": 100,
      "order_type": "LIMIT"
    },
    {
      "timestamp": "2025-03-01T09:34:38.856652+00:00",
      "side": "BUY",
      "price": 587.09,
      "quantity": 18,
      "order_type": "LIMIT"
    },
    {
      "timestamp": "2025-03-01T09:34:41.247161+00:00",
      "side": "SELL",
      "price": 587.61,
      "quantity": 50,
      "order_type": "LIMIT"
    },
    {
      "timestamp": "2025-03-01T09:34:41.986085+00:00",
      "side": "BUY",
      "price": 587.17,
      "quantity": 100,
      "order_type": "LIMIT"
    },
    {
      "timestamp": "2025-03-01T09:34:42.629016+00:00",
      "side": "BUY",
      "price": 587.08,
      "quantity": 200,
      "order_type": "LIMIT"
    },
    {
      "timestamp": "2025-03-01T09:34:44.782610+00:00",
      "side": "BUY",
      "price": 587.21,
      "quantity": 100,
      "order_type": "LIMIT"
    },
    {
      "timestamp": "2025-03-01T09:34:46.551720+00:00",
      "side": "SELL",
      "price": 587.36,
      "quantity": 200,
      "order_type": "LIMIT"
    },
    {
      "timestamp": "2025-03-01T09:34:49.337353+00:00",
      "side": "BUY",
      "price": 587.18,
      "quantity": 100,
      "order_type": "LIMIT"
    },
    {
      "timestamp": "2025-03-01T09:34:50.398483+00:00",
      "side": "BUY",
      "price": 586.99,
      "quantity": 100,
      "order_type": "LIMIT"
    },
    {
      "timestamp": "2025-03-01T09:34:51.352096+00:00",
      "side": "BUY",
      "price": 587.06,
      "quantity": 18,
      "order_type": "LIMIT"
    },
    {
      "timestamp": "2025-03-01T09:34:51.374793+00:00",
      "side": "BUY",
      "price": 587.08,
      "quantity": 100,
      "order_type": "LIMIT"
    },
    {
      "timestamp": "2025-03-01T09:34:51.785662+00:00",
      "side": "BUY",
      "price": 587.22,
      "quantity": 18,
      "order_type": "LIMIT"
    },
    {
      "timestamp": "2025-03-01T09:34:55.181125+00:00",
      "side": "SELL",
      "price": 587.53,
      "quantity": 100,
      "order_type": "LIMIT"
    },
    {
      "timestamp": "2025-03-01T09:34:57.291025+00:00",
      "side": "SELL",
      "price": 587.47,
      "quantity": 150,
      "order_type": "LIMIT"
    },
    {
      "timestamp": "2025-03-01T09:34:59.632061+00:00",
      "side": "SELL",
      "price": 587.45,
      "quantity": 100,
      "order_type": "LIMIT"
    },
    {
      "timestamp": "2025-03-01T09:35:02.312699+00:00",
      "side": "BUY",
      "price": 587.06,
      "quantity": 100,
      "order_type": "LIMIT"
    },
    {
      "timestamp": "2025-03-01T09:35:05.918913+00:00",
      "side": "BUY",
      "price": 586.96,
      "quantity": 200,
      "order_type": "LIMIT"
    },
    {
      "timestamp": "2025-03-01T09:35:06.474764+00:00",
      "side": "BUY",
      "price": 586.92,
      "quantity": 100,
      "order_type": "LIMIT"
    },
    {
      "timestamp": "2025-03-01T09:35:08.766839+00:00",
      "side": "SELL",
      "price": 587.22,
      "quantity": 150,
      "order_type": "LIMIT"
    },
    {
      "timestamp": "2025-03-01T09:35:08.784702+00:00",
      "side": "SELL",
      "price": 587.02,
      "quantity": 100,
      "order_type": "LIMIT"
    },
    {
      "timestamp": "2025-03-01T09:35:10.189673+00:00",
      "side": "BUY",
      "price": 586.69,
      "quantity": 100,
      "order_type": "LIMIT"
    },
    {
      "timestamp": "2025-03-01T09:35:14.386124+00:00",
      "side": "BUY",
      "price": 586.81,
      "quantity": 18,
      "order_type": "LIMIT"
    },
    {
      "timestamp": "2025-03-01T09:35:16.728975+00:00",
      "side": "BUY",
      "price": 586.43,
      "quantity": 100,
      "order_type": "LIMIT"
    },
    {
      "timestamp": "2025-03-01T09:35:22.209435+00:00",
      "side": "SELL",
      "price": 587.15,
      "quantity": 50,
      "order_type": "LIMIT"
    },
    {
      "timestamp": "2025-03-01T09:35:25.352230+00:00",
      "side": "BUY",
      "price": 586.81,
      "quantity": 18,
      "order_type": "LIMIT"
    },
    {
      "timestamp": "2025-03-01T09:35:26.516194+00:00",
      "side": "BUY",
      "price": 586.8,
      "quantity": 100,
      "order_type": "LIMIT"
    },
    {
      "timestamp": "2025-03-01T09:35:26.874534+00:00",
      "side": "BUY",
      "price": 586.61,
      "quantity": 100,
      "order_type": "LIMIT"
    },
    {
      "timestamp": "2025-03-01T09:35:28.855262+00:00",
      "side": "BUY",
      "price": 586.64,
      "quantity": 18,
      "order_type": "LIMIT"
    },
    {
      "timestamp": "2025-03-01T09:35:30.323054+00:00",
      "side": "BUY",
      "price": 586.63,
      "quantity": 18,
      "order_type": "LIMIT"
    },
    {
      "timestamp": "2025-03-01T09:35:30.747074+00:00",
      "side": "SELL",
      "price": 586.94,
      "quantity": 100,
      "order_type": "LIMIT"
    },
    {
      "timestamp": "2025-03-01T09:35:31.203677+00:00",
      "side": "BUY",
      "price": 586.49,
      "quantity": 200,
      "order_type": "LIMIT"
    },
    {
      "timestamp": "2025-03-01T09:35:33.702546+00:00",
      "side": "BUY",
      "price": 586.62,
      "quantity": 18,
      "order_type": "LIMIT"
    },
    {
      "timestamp": "2025-03-01T09:35:39.563032+00:00",
      "side": "SELL",
      "price": 586.89,
      "quantity": 200,
      "order_type": "LIMIT"
    },
    {
      "timestamp": "2025-03-01T09:35:43.477143+00:00",
      "side": "BUY",
      "price": 586.44,
      "quantity": 100,
      "order_type": "LIMIT"
    },
    {
      "timestamp": "2025-03-01T09:35:45.326230+00:00",
      "side": "SELL",
      "price": 586.75,
      "quantity": 100,
      "order_type": "LIMIT"
    },
    {
      "timestamp": "2025-03-01T09:35:46.408769+00:00",
      "side": "BUY",
      "price": 586.52,
      "quantity": 18,
      "order_type": "LIMIT"
    },
    {
      "timestamp": "2025-03-01T09:35:47.553760+00:00",
      "side": "SELL",
      "price": 586.74,
      "quantity": 1,
      "order_type": "LIMIT"
    },
    {
      "timestamp": "2025-03-01T09:35:51.565062+00:00",
      "side": "SELL",
      "price": 586.86,
      "quantity": 200,
      "order_type": "LIMIT"
    },
    {
      "timestamp": "2025-03-01T09:35:55.164983+00:00",
      "side": "BUY",
      "price": 586.55,
      "quantity": 18,
      "order_type": "LIMIT"
    },
    {
      "timestamp": "2025-03-01T09:35:58.216769+00:00",
      "side": "BUY",
      "price": 586.4,
      "quantity": 100,
      "order_type": "LIMIT"
    },
    {
      "timestamp": "2025-03-01T09:35:59.241803+00:00",
      "side": "BUY",
      "price": 586.45,
      "quantity": 18,
      "order_type": "LIMIT"
    },
    {
      "timestamp": "2025-03-01T09:36:01.185697+00:00",
      "side": "BUY",
      "price": 586.45,
      "quantity": 18,
      "order_type": "LIMIT"
    },
    {
      "timestamp": "2025-03-01T09:36:02.527128+00:00",
      "side": "SELL",
      "price": 586.79,
      "quantity": 100,
      "order_type": "LIMIT"
    },
    {
      "timestamp": "2025-03-01T09:36:05.263087+00:00",
      "side": "BUY",
      "price": 586.55,
      "quantity": 16,
      "order_type": "LIMIT"
    },
    {
      "timestamp": "2025-03-01T09:36:06.211761+00:00",
      "side": "BUY",
      "price": 586.41,
      "quantity": 100,
      "order_type": "LIMIT"
    },
    {
      "timestamp": "2025-03-01T09:36:08.532785+00:00",
      "side": "BUY",
      "price": 586.52,
      "quantity": 18,
      "order_type": "LIMIT"
    },
    {
      "timestamp": "2025-03-01T09:36:13.372657+00:00",
      "side": "SELL",
      "price": 586.72,
      "quantity": 150,
      "order_type": "LIMIT"
    },
    {
      "timestamp": "2025-03-01T09:36:16.968185+00:00",
      "side": "SELL",
      "price": 586.89,
      "quantity": 200,
      "order_type": "LIMIT"
    },
    {
      "timestamp": "2025-03-01T09:36:17.171709+00:00",
      "side": "SELL",
      "price": 586.94,
      "quantity": 200,
      "order_type": "LIMIT"
    },
    {
      "timestamp": "2025-03-01T09:36:17.198247+00:00",
      "side": "BUY",
      "price": 586.68,
      "quantity": 18,
      "order_type": "LIMIT"
    },
    {
      "timestamp": "2025-03-01T09:36:17.270793+00:00",
      "side": "BUY",
      "price": 586.74,
      "quantity": 18,
      "order_type": "LIMIT"
    },
    {
      "timestamp": "2025-03-01T09:36:18.216066+00:00",
      "side": "BUY",
      "price": 586.54,
      "quantity": 18,
      "order_type": "LIMIT"
    },
    {
      "timestamp": "2025-03-01T09:36:18.389534+00:00",
      "side": "BUY",
      "price": 586.57,
      "quantity": 18,
      "order_type": "LIMIT"
    },
    {
      "timestamp": "2025-03-01T09:36:18.398586+00:00",
      "side": "BUY",
      "price": 586.68,
      "quantity": 18,
      "order_type": "LIMIT"
    },
    {
      "timestamp": "2025-03-01T09:36:18.833933+00:00",
      "side": "BUY",
      "price": 586.61,
      "quantity": 18,
      "order_type": "LIMIT"
    },
    {
      "timestamp": "2025-03-01T09:36:18.969059+00:00",
      "side": "SELL",
      "price": 586.93,
      "quantity": 200,
      "order_type": "LIMIT"
    },
    {
      "timestamp": "2025-03-01T09:36:19.253004+00:00",
      "side": "SELL",
      "price": 586.92,
      "quantity": 200,
      "order_type": "LIMIT"
    },
    {
      "timestamp": "2025-03-01T09:36:19.472590+00:00",
      "side": "BUY",
      "price": 586.55,
      "quantity": 18,
      "order_type": "LIMIT"
    },
    {
      "timestamp": "2025-03-01T09:36:19.874910+00:00",
      "side": "BUY",
      "price": 586.59,
      "quantity": 18,
      "order_type": "LIMIT"
    },
    {
      "timestamp": "2025-03-01T09:36:21.139957+00:00",
      "side": "BUY",
      "price": 586.56,
      "quantity": 18,
      "order_type": "LIMIT"
    },
    {
      "timestamp": "2025-03-01T09:36:21.658989+00:00",
      "side": "BUY",
      "price": 586.79,
      "quantity": 18,
      "order_type": "LIMIT"
    },
    {
      "timestamp": "2025-03-01T09:36:21.909430+00:00",
      "side": "BUY",
      "price": 586.77,
      "quantity": 18,
      "order_type": "LIMIT"
    },
    {
      "timestamp": "2025-03-01T09:36:23.731942+00:00",
      "side": "BUY",
      "price": 586.8,
      "quantity": 3,
      "order_type": "LIMIT"
    },
    {
      "timestamp": "2025-03-01T09:36:23.860489+00:00",
      "side": "BUY",
      "price": 586.83,
      "quantity": 18,
      "order_type": "LIMIT"
    },
    {
      "timestamp": "2025-03-01T09:36:24.104861+00:00",
      "side": "SELL",
      "price": 587.12,
      "quantity": 200,
      "order_type": "LIMIT"
    },
    {
      "timestamp": "2025-03-01T09:36:24.248866+00:00",
      "side": "SELL",
      "price": 587.23,
      "quantity": 100,
      "order_type": "LIMIT"
    },
    {
      "timestamp": "2025-03-01T09:36:25.086864+00:00",
      "side": "BUY",
      "price": 587.24,
      "quantity": 100,
      "order_type": "LIMIT"
    },
    {
      "timestamp": "2025-03-01T09:36:25.168758+00:00",
      "side": "SELL",
      "price": 587.42,
      "quantity": 100,
      "order_type": "LIMIT"
    },
    {
      "timestamp": "2025-03-01T09:36:25.381463+00:00",
      "side": "SELL",
      "price": 587.43,
      "quantity": 100,
      "order_type": "LIMIT"
    },
    {
      "timestamp": "2025-03-01T09:36:26.271287+00:00",
      "side": "SELL",
      "price": 587.45,
      "quantity": 100,
      "order_type": "LIMIT"
    },
    {
      "timestamp": "2025-03-01T09:36:28.196731+00:00",
      "side": "BUY",
      "price": 586.91,
      "quantity": 18,
      "order_type": "LIMIT"
    },
    {
      "timestamp": "2025-03-01T09:36:28.790744+00:00",
      "side": "BUY",
      "price": 587.03,
      "quantity": 100,
      "order_type": "LIMIT"
    },
    {
      "timestamp": "2025-03-01T09:36:30.618704+00:00",
      "side": "SELL",
      "price": 587.36,
      "quantity": 200,
      "order_type": "LIMIT"
    },
    {
      "timestamp": "2025-03-01T09:36:31.144870+00:00",
      "side": "BUY",
      "price": 587.08,
      "quantity": 18,
      "order_type": "LIMIT"
    },
    {
      "timestamp": "2025-03-01T09:36:34.523419+00:00",
      "side": "SELL",
      "price": 587.44,
      "quantity": 200,
      "order_type": "LIMIT"
    },
    {
      "timestamp": "2025-03-01T09:36:35.125437+00:00",
      "side": "BUY",
      "price": 587.13,
      "quantity": 200,
      "order_type": "LIMIT"
    },
    {
      "timestamp": "2025-03-01T09:36:35.297120+00:00",
      "side": "SELL",
      "price": 587.44,
      "quantity": 200,
      "order_type": "LIMIT"
    },
    {
      "timestamp": "2025-03-01T09:36:35.489224+00:00",
      "side": "SELL",
      "price": 587.44,
      "quantity": 200,
      "order_type": "LIMIT"
    },
    {
      "timestamp": "2025-03-01T09:36:35.614644+00:00",
      "side": "BUY",
      "price": 587.15,
      "quantity": 18,
      "order_type": "LIMIT"
    },
    {
      "timestamp": "2025-03-01T09:36:35.734271+00:00",
      "side": "SELL",
      "price": 587.44,
      "quantity": 200,
      "order_type": "LIMIT"
    },
    {
      "timestamp": "2025-03-01T09:36:35.888872+00:00",
      "side": "SELL",
      "price": 587.42,
      "quantity": 200,
      "order_type": "LIMIT"
    },
    {
      "timestamp": "2025-03-01T09:36:36.047804+00:00",
      "side": "SELL",
      "price": 587.42,
      "quantity": 200,
      "order_type": "LIMIT"
    },
    {
      "timestamp": "2025-03-01T09:36:36.263985+00:00",
      "side": "SELL",
      "price": 587.41,
      "quantity": 150,
      "order_type": "LIMIT"
    },
    {
      "timestamp": "2025-03-01T09:36:36.428224+00:00",
      "side": "SELL",
      "price": 587.44,
      "quantity": 200,
      "order_type": "LIMIT"
    },
    {
      "timestamp": "2025-03-01T09:36:36.535252+00:00",
      "side": "SELL",
      "price": 587.44,
      "quantity": 200,
      "order_type": "LIMIT"
    },
    {
      "timestamp": "2025-03-01T09:36:36.661026+00:00",
      "side": "BUY",
      "price": 587.15,
      "quantity": 18,
      "order_type": "LIMIT"
    },
    {
      "timestamp": "2025-03-01T09:36:36.781410+00:00",
      "side": "SELL",
      "price": 587.44,
      "quantity": 200,
      "order_type": "LIMIT"
    },
    {
      "timestamp": "2025-03-01T09:36:36.879467+00:00",
      "side": "BUY",
      "price": 586.32,
      "quantity": 100,
      "order_type": "LIMIT"
    },
    {
      "timestamp": "2025-03-01T09:36:37.066198+00:00",
      "side": "SELL",
      "price": 587.47,
      "quantity": 100,
      "order_type": "LIMIT"
    },
    {
      "timestamp": "2025-03-01T09:36:38.476666+00:00",
      "side": "SELL",
      "price": 587.5,
      "quantity": 100,
      "order_type": "LIMIT"
    },
    {
      "timestamp": "2025-03-01T09:36:39.865715+00:00",
      "side": "BUY",
      "price": 587.0,
      "quantity": 18,
      "order_type": "LIMIT"
    },
    {
      "timestamp": "2025-03-01T09:36:40.044789+00:00",
      "side": "BUY",
      "price": 587.12,
      "quantity": 18,
      "order_type": "LIMIT"
    },
    {
      "timestamp": "2025-03-01T09:36:41.151787+00:00",
      "side": "BUY",
      "price": 586.97,
      "quantity": 100,
      "order_type": "LIMIT"
    },
    {
      "timestamp": "2025-03-01T09:36:42.003663+00:00",
      "side": "BUY",
      "price": 587.0,
      "quantity": 18,
      "order_type": "LIMIT"
    },
    {
      "timestamp": "2025-03-01T09:36:43.020144+00:00",
      "side": "BUY",
      "price": 587.02,
      "quantity": 18,
      "order_type": "LIMIT"
    },
    {
      "timestamp": "2025-03-01T09:36:43.960762+00:00",
      "side": "SELL",
      "price": 587.37,
      "quantity": 100,
      "order_type": "LIMIT"
    },
    {
      "timestamp": "2025-03-01T09:36:44.295152+00:00",
      "side": "BUY",
      "price": 586.94,
      "quantity": 18,
      "order_type": "LIMIT"
    },
    {
      "timestamp": "2025-03-01T09:36:44.983887+00:00",
      "side": "BUY",
      "price": 586.86,
      "quantity": 18,
      "order_type": "LIMIT"
    },
    {
      "timestamp": "2025-03-01T09:36:45.862468+00:00",
      "side": "BUY",
      "price": 587.03,
      "quantity": 18,
      "order_type": "LIMIT"
    },
    {
      "timestamp": "2025-03-01T09:36:49.145939+00:00",
      "side": "BUY",
      "price": 586.69,
      "quantity": 18,
      "order_type": "LIMIT"
    },
    {
      "timestamp": "2025-03-01T09:36:49.806589+00:00",
      "side": "BUY",
      "price": 587.07,
      "quantity": 300,
      "order_type": "LIMIT"
    },
    {
      "timestamp": "2025-03-01T09:36:50.202247+00:00",
      "side": "BUY",
      "price": 587.08,
      "quantity": 18,
      "order_type": "LIMIT"
    },
    {
      "timestamp": "2025-03-01T09:36:50.298165+00:00",
      "side": "BUY",
      "price": 587.2,
      "quantity": 18,
      "order_type": "LIMIT"
    },
    {
      "timestamp": "2025-03-01T09:36:52.711903+00:00",
      "side": "BUY",
      "price": 587.25,
      "quantity": 100,
      "order_type": "LIMIT"
    },
    {
      "timestamp": "2025-03-01T09:36:53.079571+00:00",
      "side": "SELL",
      "price": 587.5,
      "quantity": 100,
      "order_type": "LIMIT"
    },
    {
      "timestamp": "2025-03-01T09:36:53.164769+00:00",
      "side": "SELL",
      "price": 587.52,
      "quantity": 100,
      "order_type": "LIMIT"
    },
    {
      "timestamp": "2025-03-01T09:36:53.822321+00:00",
      "side": "SELL",
      "price": 587.56,
      "quantity": 100,
      "order_type": "LIMIT"
    },
    {
      "timestamp": "2025-03-01T09:36:54.026883+00:00",
      "side": "BUY",
      "price": 587.25,
      "quantity": 100,
      "order_type": "LIMIT"
    },
    {
      "timestamp": "2025-03-01T09:36:54.474872+00:00",
      "side": "SELL",
      "price": 587.56,
      "quantity": 100,
      "order_type": "LIMIT"
    },
    {
      "timestamp": "2025-03-01T09:36:54.868879+00:00",
      "side": "BUY",
      "price": 587.39,
      "quantity": 100,
      "order_type": "LIMIT"
    },
    {
      "timestamp": "2025-03-01T09:36:58.068782+00:00",
      "side": "BUY",
      "price": 587.26,
      "quantity": 100,
      "order_type": "LIMIT"
    },
    {
      "timestamp": "2025-03-01T09:36:59.195402+00:00",
      "side": "BUY",
      "price": 587.25,
      "quantity": 100,
      "order_type": "LIMIT"
    },
    {
      "timestamp": "2025-03-01T09:36:59.782565+00:00",
      "side": "BUY",
      "price": 587.4,
      "quantity": 200,
      "order_type": "LIMIT"
    },
    {
      "timestamp": "2025-03-01T09:37:01.436405+00:00",
      "side": "SELL",
      "price": 587.61,
      "quantity": 100,
      "order_type": "LIMIT"
    },
    {
      "timestamp": "2025-03-01T09:37:02.792368+00:00",
      "side": "SELL",
      "price": 587.65,
      "quantity": 200,
      "order_type": "LIMIT"
    },
    {
      "timestamp": "2025-03-01T09:37:04.068810+00:00",
      "side": "SELL",
      "price": 587.64,
      "quantity": 200,
      "order_type": "LIMIT"
    },
    {
      "timestamp": "2025-03-01T09:37:04.821922+00:00",
      "side": "SELL",
      "price": 587.63,
      "quantity": 200,
      "order_type": "LIMIT"
    },
    {
      "timestamp": "2025-03-01T09:37:04.876362+00:00",
      "side": "SELL",
      "price": 587.64,
      "quantity": 200,
      "order_type": "LIMIT"
    },
    {
      "timestamp": "2025-03-01T09:37:04.898149+00:00",
      "side": "SELL",
      "price": 587.67,
      "quantity": 200,
      "order_type": "LIMIT"
    },
    {
      "timestamp": "2025-03-01T09:37:04.919778+00:00",
      "side": "SELL",
      "price": 587.67,
      "quantity": 200,
      "order_type": "LIMIT"
    },
    {
      "timestamp": "2025-03-01T09:37:04.943775+00:00",
      "side": "SELL",
      "price": 587.67,
      "quantity": 200,
      "order_type": "LIMIT"
    },
    {
      "timestamp": "2025-03-01T09:37:04.964079+00:00",
      "side": "SELL",
      "price": 587.67,
      "quantity": 200,
      "order_type": "LIMIT"
    },
    {
      "timestamp": "2025-03-01T09:37:06.051605+00:00",
      "side": "BUY",
      "price": 587.4,
      "quantity": 200,
      "order_type": "LIMIT"
    },
    {
      "timestamp": "2025-03-01T09:37:09.026323+00:00",
      "side": "SELL",
      "price": 587.31,
      "quantity": 100,
      "order_type": "LIMIT"
    },
    {
      "timestamp": "2025-03-01T09:37:10.000862+00:00",
      "side": "SELL",
      "price": 587.27,
      "quantity": 22,
      "order_type": "LIMIT"
    },
    {
      "timestamp": "2025-03-01T09:37:11.426424+00:00",
      "side": "SELL",
      "price": 587.23,
      "quantity": 22,
      "order_type": "LIMIT"
    },
    {
      "timestamp": "2025-03-01T09:37:11.986013+00:00",
      "side": "SELL",
      "price": 587.23,
      "quantity": 22,
      "order_type": "LIMIT"
    },
    {
      "timestamp": "2025-03-01T09:37:14.135645+00:00",
      "side": "SELL",
      "price": 587.39,
      "quantity": 200,
      "order_type": "LIMIT"
    },
    {
      "timestamp": "2025-03-01T09:37:14.370378+00:00",
      "side": "SELL",
      "price": 587.43,
      "quantity": 200,
      "order_type": "LIMIT"
    },
    {
      "timestamp": "2025-03-01T09:37:14.444695+00:00",
      "side": "SELL",
      "price": 587.37,
      "quantity": 200,
      "order_type": "LIMIT"
    },
    {
      "timestamp": "2025-03-01T09:37:14.485055+00:00",
      "side": "SELL",
      "price": 587.42,
      "quantity": 200,
      "order_type": "LIMIT"
    },
    {
      "timestamp": "2025-03-01T09:37:14.549855+00:00",
      "side": "SELL",
      "price": 587.51,
      "quantity": 200,
      "order_type": "LIMIT"
    },
    {
      "timestamp": "2025-03-01T09:37:14.596458+00:00",
      "side": "SELL",
      "price": 587.51,
      "quantity": 200,
      "order_type": "LIMIT"
    },
    {
      "timestamp": "2025-03-01T09:37:14.641902+00:00",
      "side": "SELL",
      "price": 587.51,
      "quantity": 200,
      "order_type": "LIMIT"
    },
    {
      "timestamp": "2025-03-01T09:37:14.687191+00:00",
      "side": "SELL",
      "price": 587.51,
      "quantity": 200,
      "order_type": "LIMIT"
    },
    {
      "timestamp": "2025-03-01T09:37:14.733506+00:00",
      "side": "SELL",
      "price": 587.51,
      "quantity": 200,
      "order_type": "LIMIT"
    },
    {
      "timestamp": "2025-03-01T09:37:15.113532+00:00",
      "side": "BUY",
      "price": 587.21,
      "quantity": 18,
      "order_type": "LIMIT"
    },
    {
      "timestamp": "2025-03-01T09:37:19.683935+00:00",
      "side": "BUY",
      "price": 587.2,
      "quantity": 200,
      "order_type": "LIMIT"
    },
    {
      "timestamp": "2025-03-01T09:37:20.270669+00:00",
      "side": "SELL",
      "price": 587.56,
      "quantity": 100,
      "order_type": "LIMIT"
    },
    {
      "timestamp": "2025-03-01T09:37:20.978395+00:00",
      "side": "BUY",
      "price": 586.32,
      "quantity": 100,
      "order_type": "LIMIT"
    },
    {
      "timestamp": "2025-03-01T09:37:22.764047+00:00",
      "side": "SELL",
      "price": 587.45,
      "quantity": 200,
      "order_type": "LIMIT"
    },
    {
      "timestamp": "2025-03-01T09:37:23.345464+00:00",
      "side": "SELL",
      "price": 587.47,
      "quantity": 200,
      "order_type": "LIMIT"
    },
    {
      "timestamp": "2025-03-01T09:37:24.130510+00:00",
      "side": "BUY",
      "price": 587.09,
      "quantity": 18,
      "order_type": "LIMIT"
    },
    {
      "timestamp": "2025-03-01T09:37:26.042979+00:00",
      "side": "BUY",
      "price": 586.99,
      "quantity": 100,
      "order_type": "LIMIT"
    },
    {
      "timestamp": "2025-03-01T09:37:26.793097+00:00",
      "side": "BUY",
      "price": 587.32,
      "quantity": 100,
      "order_type": "LIMIT"
    },
    {
      "timestamp": "2025-03-01T09:37:27.046690+00:00",
      "side": "SELL",
      "price": 587.42,
      "quantity": 200,
      "order_type": "LIMIT"
    },
    {
      "timestamp": "2025-03-01T09:37:27.207716+00:00",
      "side": "SELL",
      "price": 587.42,
      "quantity": 200,
      "order_type": "LIMIT"
    },
    {
      "timestamp": "2025-03-01T09:37:27.367921+00:00",
      "side": "SELL",
      "price": 587.42,
      "quantity": 200,
      "order_type": "LIMIT"
    },
    {
      "timestamp": "2025-03-01T09:37:27.532197+00:00",
      "side": "SELL",
      "price": 587.42,
      "quantity": 200,
      "order_type": "LIMIT"
    },
    {
      "timestamp": "2025-03-01T09:37:27.940995+00:00",
      "side": "BUY",
      "price": 586.99,
      "quantity": 100,
      "order_type": "LIMIT"
    },
    {
      "timestamp": "2025-03-01T09:37:28.774254+00:00",
      "side": "BUY",
      "price": 587.05,
      "quantity": 18,
      "order_type": "LIMIT"
    },
    {
      "timestamp": "2025-03-01T09:37:30.226493+00:00",
      "side": "BUY",
      "price": 586.99,
      "quantity": 10,
      "order_type": "LIMIT"
    },
    {
      "timestamp": "2025-03-01T09:37:31.419436+00:00",
      "side": "BUY",
      "price": 586.99,
      "quantity": 18,
      "order_type": "LIMIT"
    },
    {
      "timestamp": "2025-03-01T09:37:32.215803+00:00",
      "side": "SELL",
      "price": 587.68,
      "quantity": 100,
      "order_type": "LIMIT"
    },
    {
      "timestamp": "2025-03-01T09:37:33.534131+00:00",
      "side": "BUY",
      "price": 587.07,
      "quantity": 18,
      "order_type": "LIMIT"
    },
    {
      "timestamp": "2025-03-01T09:37:34.284304+00:00",
      "side": "BUY",
      "price": 587.05,
      "quantity": 18,
      "order_type": "LIMIT"
    },
    {
      "timestamp": "2025-03-01T09:37:36.911676+00:00",
      "side": "BUY",
      "price": 587.08,
      "quantity": 18,
      "order_type": "LIMIT"
    },
    {
      "timestamp": "2025-03-01T09:37:38.458126+00:00",
      "side": "BUY",
      "price": 587.02,
      "quantity": 18,
      "order_type": "LIMIT"
    },
    {
      "timestamp": "2025-03-01T09:37:40.033650+00:00",
      "side": "BUY",
      "price": 587.15,
      "quantity": 18,
      "order_type": "LIMIT"
    },
    {
      "timestamp": "2025-03-01T09:37:40.678326+00:00",
      "side": "BUY",
      "price": 587.15,
      "quantity": 18,
      "order_type": "LIMIT"
    },
    {
      "timestamp": "2025-03-01T09:37:42.770904+00:00",
      "side": "SELL",
      "price": 587.33,
      "quantity": 100,
      "order_type": "LIMIT"
    },
    {
      "timestamp": "2025-03-01T09:37:44.247311+00:00",
      "side": "SELL",
      "price": 587.34,
      "quantity": 100,
      "order_type": "LIMIT"
    },
    {
      "timestamp": "2025-03-01T09:37:46.040078+00:00",
      "side": "BUY",
      "price": 587.19,
      "quantity": 18,
      "order_type": "LIMIT"
    },
    {
      "timestamp": "2025-03-01T09:37:49.092408+00:00",
      "side": "BUY",
      "price": 587.18,
      "quantity": 18,
      "order_type": "LIMIT"
    },
    {
      "timestamp": "2025-03-01T09:37:52.067735+00:00",
      "side": "SELL",
      "price": 587.45,
      "quantity": 100,
      "order_type": "LIMIT"
    },
    {
      "timestamp": "2025-03-01T09:37:55.158226+00:00",
      "side": "SELL",
      "price": 587.35,
      "quantity": 100,
      "order_type": "LIMIT"
    },
    {
      "timestamp": "2025-03-01T09:37:55.578926+00:00",
      "side": "SELL",
      "price": 587.31,
      "quantity": 6,
      "order_type": "LIMIT"
    },
    {
      "timestamp": "2025-03-01T09:37:55.725653+00:00",
      "side": "SELL",
      "price": 587.33,
      "quantity": 100,
      "order_type": "LIMIT"
    },
    {
      "timestamp": "2025-03-01T09:37:56.279089+00:00",
      "side": "SELL",
      "price": 587.12,
      "quantity": 81,
      "order_type": "LIMIT"
    },
    {
      "timestamp": "2025-03-01T09:37:56.608132+00:00",
      "side": "SELL",
      "price": 587.27,
      "quantity": 100,
      "order_type": "LIMIT"
    },
    {
      "timestamp": "2025-03-01T09:37:56.774475+00:00",
      "side": "BUY",
      "price": 586.9,
      "quantity": 100,
      "order_type": "LIMIT"
    },
    {
      "timestamp": "2025-03-01T09:37:57.525973+00:00",
      "side": "SELL",
      "price": 587.21,
      "quantity": 100,
      "order_type": "LIMIT"
    },
    {
      "timestamp": "2025-03-01T09:37:57.788372+00:00",
      "side": "SELL",
      "price": 587.21,
      "quantity": 100,
      "order_type": "LIMIT"
    },
    {
      "timestamp": "2025-03-01T09:37:59.344111+00:00",
      "side": "SELL",
      "price": 587.25,
      "quantity": 100,
      "order_type": "LIMIT"
    },
    {
      "timestamp": "2025-03-01T09:38:00.927564+00:00",
      "side": "SELL",
      "price": 587.26,
      "quantity": 100,
      "order_type": "LIMIT"
    },
    {
      "timestamp": "2025-03-01T09:38:01.016783+00:00",
      "side": "BUY",
      "price": 586.92,
      "quantity": 18,
      "order_type": "LIMIT"
    },
    {
      "timestamp": "2025-03-01T09:38:01.149015+00:00",
      "side": "BUY",
      "price": 586.89,
      "quantity": 18,
      "order_type": "LIMIT"
    },
    {
      "timestamp": "2025-03-01T09:38:03.940573+00:00",
      "side": "SELL",
      "price": 587.0,
      "quantity": 50,
      "order_type": "LIMIT"
    },
    {
      "timestamp": "2025-03-01T09:38:04.199855+00:00",
      "side": "BUY",
      "price": 586.69,
      "quantity": 200,
      "order_type": "LIMIT"
    },
    {
      "timestamp": "2025-03-01T09:38:04.795776+00:00",
      "side": "BUY",
      "price": 586.72,
      "quantity": 18,
      "order_type": "LIMIT"
    },
    {
      "timestamp": "2025-03-01T09:38:06.157728+00:00",
      "side": "SELL",
      "price": 587.05,
      "quantity": 100,
      "order_type": "LIMIT"
    },
    {
      "timestamp": "2025-03-01T09:38:08.287442+00:00",
      "side": "BUY",
      "price": 586.72,
      "quantity": 18,
      "order_type": "LIMIT"
    },
    {
      "timestamp": "2025-03-01T09:38:08.606131+00:00",
      "side": "BUY",
      "price": 586.71,
      "quantity": 18,
      "order_type": "LIMIT"
    },
    {
      "timestamp": "2025-03-01T09:38:09.275652+00:00",
      "side": "BUY",
      "price": 586.84,
      "quantity": 18,
      "order_type": "LIMIT"
    },
    {
      "timestamp": "2025-03-01T09:38:10.392862+00:00",
      "side": "SELL",
      "price": 587.0,
      "quantity": 15,
      "order_type": "LIMIT"
    },
    {
      "timestamp": "2025-03-01T09:38:14.504586+00:00",
      "side": "SELL",
      "price": 587.0,
      "quantity": 32,
      "order_type": "LIMIT"
    },
    {
      "timestamp": "2025-03-01T09:38:15.738592+00:00",
      "side": "SELL",
      "price": 587.0,
      "quantity": 100,
      "order_type": "LIMIT"
    },
    {
      "timestamp": "2025-03-01T09:38:16.175522+00:00",
      "side": "BUY",
      "price": 586.51,
      "quantity": 100,
      "order_type": "LIMIT"
    },
    {
      "timestamp": "2025-03-01T09:38:18.873585+00:00",
      "side": "SELL",
      "price": 586.9,
      "quantity": 100,
      "order_type": "LIMIT"
    },
    {
      "timestamp": "2025-03-01T09:38:19.035151+00:00",
      "side": "SELL",
      "price": 586.87,
      "quantity": 100,
      "order_type": "LIMIT"
    },
    {
      "timestamp": "2025-03-01T09:38:21.713768+00:00",
      "side": "BUY",
      "price": 586.45,
      "quantity": 100,
      "order_type": "LIMIT"
    },
    {
      "timestamp": "2025-03-01T09:38:22.427522+00:00",
      "side": "BUY",
      "price": 586.42,
      "quantity": 200,
      "order_type": "LIMIT"
    },
    {
      "timestamp": "2025-03-01T09:38:22.662439+00:00",
      "side": "SELL",
      "price": 586.76,
      "quantity": 100,
      "order_type": "LIMIT"
    },
    {
      "timestamp": "2025-03-01T09:38:24.810754+00:00",
      "side": "BUY",
      "price": 586.42,
      "quantity": 5,
      "order_type": "LIMIT"
    },
    {
      "timestamp": "2025-03-01T09:38:26.169526+00:00",
      "side": "SELL",
      "price": 586.63,
      "quantity": 100,
      "order_type": "LIMIT"
    },
    {
      "timestamp": "2025-03-01T09:38:26.307037+00:00",
      "side": "SELL",
      "price": 586.58,
      "quantity": 100,
      "order_type": "LIMIT"
    },
    {
      "timestamp": "2025-03-01T09:38:26.412072+00:00",
      "side": "SELL",
      "price": 586.52,
      "quantity": 100,
      "order_type": "LIMIT"
    },
    {
      "timestamp": "2025-03-01T09:38:28.256409+00:00",
      "side": "SELL",
      "price": 586.46,
      "quantity": 100,
      "order_type": "LIMIT"
    },
    {
      "timestamp": "2025-03-01T09:38:29.023597+00:00",
      "side": "BUY",
      "price": 586.1,
      "quantity": 200,
      "order_type": "LIMIT"
    },
    {
      "timestamp": "2025-03-01T09:38:29.374782+00:00",
      "side": "SELL",
      "price": 586.39,
      "quantity": 100,
      "order_type": "LIMIT"
    },
    {
      "timestamp": "2025-03-01T09:38:29.831169+00:00",
      "side": "SELL",
      "price": 586.37,
      "quantity": 100,
      "order_type": "LIMIT"
    },
    {
      "timestamp": "2025-03-01T09:38:30.423735+00:00",
      "side": "SELL",
      "price": 586.39,
      "quantity": 100,
      "order_type": "LIMIT"
    },
    {
      "timestamp": "2025-03-01T09:38:31.261043+00:00",
      "side": "SELL",
      "price": 586.29,
      "quantity": 100,
      "order_type": "LIMIT"
    },
    {
      "timestamp": "2025-03-01T09:38:31.998452+00:00",
      "side": "BUY",
      "price": 585.61,
      "quantity": 100,
      "order_type": "LIMIT"
    },
    {
      "timestamp": "2025-03-01T09:38:33.294998+00:00",
      "side": "SELL",
      "price": 586.14,
      "quantity": 100,
      "order_type": "LIMIT"
    },
    {
      "timestamp": "2025-03-01T09:38:34.158599+00:00",
      "side": "SELL",
      "price": 586.06,
      "quantity": 100,
      "order_type": "LIMIT"
    },
    {
      "timestamp": "2025-03-01T09:38:34.513185+00:00",
      "side": "SELL",
      "price": 586.09,
      "quantity": 100,
      "order_type": "LIMIT"
    },
    {
      "timestamp": "2025-03-01T09:38:34.843419+00:00",
      "side": "BUY",
      "price": 585.57,
      "quantity": 100,
      "order_type": "LIMIT"
    },
    {
      "timestamp": "2025-03-01T09:38:34.861539+00:00",
      "side": "BUY",
      "price": 585.53,
      "quantity": 100,
      "order_type": "LIMIT"
    },
    {
      "timestamp": "2025-03-01T09:38:34.918912+00:00",
      "side": "SELL",
      "price": 585.92,
      "quantity": 100,
      "order_type": "LIMIT"
    },
    {
      "timestamp": "2025-03-01T09:38:34.939934+00:00",
      "side": "SELL",
      "price": 585.92,
      "quantity": 100,
      "order_type": "LIMIT"
    },
    {
      "timestamp": "2025-03-01T09:38:34.984644+00:00",
      "side": "SELL",
      "price": 585.86,
      "quantity": 100,
      "order_type": "LIMIT"
    },
    {
      "timestamp": "2025-03-01T09:38:35.075194+00:00",
      "side": "SELL",
      "price": 585.94,
      "quantity": 100,
      "order_type": "LIMIT"
    },
    {
      "timestamp": "2025-03-01T09:38:35.586518+00:00",
      "side": "SELL",
      "price": 586.0,
      "quantity": 100,
      "order_type": "LIMIT"
    },
    {
      "timestamp": "2025-03-01T09:38:35.639861+00:00",
      "side": "SELL",
      "price": 585.98,
      "quantity": 100,
      "order_type": "LIMIT"
    },
    {
      "timestamp": "2025-03-01T09:38:35.696913+00:00",
      "side": "SELL",
      "price": 586.0,
      "quantity": 100,
      "order_type": "LIMIT"
    },
    {
      "timestamp": "2025-03-01T09:38:35.745977+00:00",
      "side": "SELL",
      "price": 585.96,
      "quantity": 100,
      "order_type": "LIMIT"
    },
    {
      "timestamp": "2025-03-01T09:38:35.784319+00:00",
      "side": "SELL",
      "price": 586.02,
      "quantity": 100,
      "order_type": "LIMIT"
    },
    {
      "timestamp": "2025-03-01T09:38:35.817956+00:00",
      "side": "SELL",
      "price": 586.02,
      "quantity": 100,
      "order_type": "LIMIT"
    },
    {
      "timestamp": "2025-03-01T09:38:36.792019+00:00",
      "side": "SELL",
      "price": 585.92,
      "quantity": 200,
      "order_type": "LIMIT"
    },
    {
      "timestamp": "2025-03-01T09:38:37.594206+00:00",
      "side": "SELL",
      "price": 585.94,
      "quantity": 200,
      "order_type": "LIMIT"
    },
    {
      "timestamp": "2025-03-01T09:38:38.494951+00:00",
      "side": "SELL",
      "price": 585.92,
      "quantity": 200,
      "order_type": "LIMIT"
    },
    {
      "timestamp": "2025-03-01T09:38:38.517978+00:00",
      "side": "SELL",
      "price": 585.92,
      "quantity": 200,
      "order_type": "LIMIT"
    },
    {
      "timestamp": "2025-03-01T09:38:38.541866+00:00",
      "side": "SELL",
      "price": 585.92,
      "quantity": 200,
      "order_type": "LIMIT"
    },
    {
      "timestamp": "2025-03-01T09:38:40.662170+00:00",
      "side": "SELL",
      "price": 585.9,
      "quantity": 100,
      "order_type": "LIMIT"
    },
    {
      "timestamp": "2025-03-01T09:38:44.634520+00:00",
      "side": "SELL",
      "price": 585.91,
      "quantity": 100,
      "order_type": "LIMIT"
    },
    {
      "timestamp": "2025-03-01T09:38:48.777403+00:00",
      "side": "SELL",
      "price": 585.88,
      "quantity": 14,
      "order_type": "LIMIT"
    },
    {
      "timestamp": "2025-03-01T09:38:50.835216+00:00",
      "side": "SELL",
      "price": 585.75,
      "quantity": 100,
      "order_type": "LIMIT"
    },
    {
      "timestamp": "2025-03-01T09:38:55.154874+00:00",
      "side": "SELL",
      "price": 585.86,
      "quantity": 100,
      "order_type": "LIMIT"
    },
    {
      "timestamp": "2025-03-01T09:38:55.332664+00:00",
      "side": "SELL",
      "price": 586.21,
      "quantity": 200,
      "order_type": "LIMIT"
    },
    {
      "timestamp": "2025-03-01T09:38:56.081267+00:00",
      "side": "SELL",
      "price": 586.18,
      "quantity": 200,
      "order_type": "LIMIT"
    },
    {
      "timestamp": "2025-03-01T09:38:56.099471+00:00",
      "side": "SELL",
      "price": 586.18,
      "quantity": 200,
      "order_type": "LIMIT"
    },
    {
      "timestamp": "2025-03-01T09:38:56.157268+00:00",
      "side": "SELL",
      "price": 586.14,
      "quantity": 200,
      "order_type": "LIMIT"
    },
    {
      "timestamp": "2025-03-01T09:38:56.192227+00:00",
      "side": "SELL",
      "price": 586.18,
      "quantity": 200,
      "order_type": "LIMIT"
    },
    {
      "timestamp": "2025-03-01T09:38:56.264626+00:00",
      "side": "SELL",
      "price": 586.18,
      "quantity": 200,
      "order_type": "LIMIT"
    },
    {
      "timestamp": "2025-03-01T09:38:56.327706+00:00",
      "side": "SELL",
      "price": 586.17,
      "quantity": 200,
      "order_type": "LIMIT"
    },
    {
      "timestamp": "2025-03-01T09:38:56.390972+00:00",
      "side": "SELL",
      "price": 586.17,
      "quantity": 200,
      "order_type": "LIMIT"
    },
    {
      "timestamp": "2025-03-01T09:38:56.927350+00:00",
      "side": "SELL",
      "price": 586.17,
      "quantity": 200,
      "order_type": "LIMIT"
    },
    {
      "timestamp": "2025-03-01T09:38:56.983725+00:00",
      "side": "SELL",
      "price": 586.17,
      "quantity": 200,
      "order_type": "LIMIT"
    },
    {
      "timestamp": "2025-03-01T09:38:57.055748+00:00",
      "side": "SELL",
      "price": 586.17,
      "quantity": 200,
      "order_type": "LIMIT"
    },
    {
      "timestamp": "2025-03-01T09:38:57.138934+00:00",
      "side": "SELL",
      "price": 586.16,
      "quantity": 200,
      "order_type": "LIMIT"
    },
    {
      "timestamp": "2025-03-01T09:38:57.195666+00:00",
      "side": "SELL",
      "price": 586.16,
      "quantity": 200,
      "order_type": "LIMIT"
    },
    {
      "timestamp": "2025-03-01T09:38:57.271410+00:00",
      "side": "SELL",
      "price": 586.16,
      "quantity": 200,
      "order_type": "LIMIT"
    },
    {
      "timestamp": "2025-03-01T09:38:57.339525+00:00",
      "side": "SELL",
      "price": 586.16,
      "quantity": 200,
      "order_type": "LIMIT"
    },
    {
      "timestamp": "2025-03-01T09:38:57.412047+00:00",
      "side": "SELL",
      "price": 586.16,
      "quantity": 200,
      "order_type": "LIMIT"
    },
    {
      "timestamp": "2025-03-01T09:38:57.478368+00:00",
      "side": "SELL",
      "price": 586.17,
      "quantity": 200,
      "order_type": "LIMIT"
    },
    {
      "timestamp": "2025-03-01T09:38:57.548621+00:00",
      "side": "SELL",
      "price": 587.03,
      "quantity": 50,
      "order_type": "LIMIT"
    },
    {
      "timestamp": "2025-03-01T09:38:57.614970+00:00",
      "side": "SELL",
      "price": 586.16,
      "quantity": 200,
      "order_type": "LIMIT"
    },
    {
      "timestamp": "2025-03-01T09:38:57.689085+00:00",
      "side": "SELL",
      "price": 586.16,
      "quantity": 200,
      "order_type": "LIMIT"
    },
    {
      "timestamp": "2025-03-01T09:38:57.746214+00:00",
      "side": "SELL",
      "price": 586.17,
      "quantity": 200,
      "order_type": "LIMIT"
    },
    {
      "timestamp": "2025-03-01T09:38:57.813780+00:00",
      "side": "SELL",
      "price": 586.17,
      "quantity": 200,
      "order_type": "LIMIT"
    },
    {
      "timestamp": "2025-03-01T09:38:59.899659+00:00",
      "side": "BUY",
      "price": 585.77,
      "quantity": 25,
      "order_type": "LIMIT"
    },
    {
      "timestamp": "2025-03-01T09:39:00.656201+00:00",
      "side": "SELL",
      "price": 585.96,
      "quantity": 18,
      "order_type": "LIMIT"
    },
    {
      "timestamp": "2025-03-01T09:39:01.920329+00:00",
      "side": "SELL",
      "price": 585.97,
      "quantity": 18,
      "order_type": "LIMIT"
    },
    {
      "timestamp": "2025-03-01T09:39:02.744371+00:00",
      "side": "SELL",
      "price": 585.92,
      "quantity": 3,
      "order_type": "LIMIT"
    },
    {
      "timestamp": "2025-03-01T09:39:07.583059+00:00",
      "side": "BUY",
      "price": 585.8,
      "quantity": 100,
      "order_type": "LIMIT"
    },
    {
      "timestamp": "2025-03-01T09:39:09.122062+00:00",
      "side": "SELL",
      "price": 586.18,
      "quantity": 100,
      "order_type": "LIMIT"
    },
    {
      "timestamp": "2025-03-01T09:39:09.238597+00:00",
      "side": "BUY",
      "price": 585.8,
      "quantity": 100,
      "order_type": "LIMIT"
    },
    {
      "timestamp": "2025-03-01T09:39:10.315496+00:00",
      "side": "SELL",
      "price": 585.95,
      "quantity": 18,
      "order_type": "LIMIT"
    },
    {
      "timestamp": "2025-03-01T09:39:14.054738+00:00",
      "side": "SELL",
      "price": 586.07,
      "quantity": 100,
      "order_type": "LIMIT"
    },
    {
      "timestamp": "2025-03-01T09:39:15.739884+00:00",
      "side": "SELL",
      "price": 585.94,
      "quantity": 18,
      "order_type": "LIMIT"
    },
    {
      "timestamp": "2025-03-01T09:39:16.258396+00:00",
      "side": "SELL",
      "price": 586.07,
      "quantity": 100,
      "order_type": "LIMIT"
    },
    {
      "timestamp": "2025-03-01T09:39:19.485137+00:00",
