{
  "AAPL": [
    {
      "timestamp": "2025-03-01T09:30:00.004447+00:00",
      "side": "BUY",
      "price": 585.31,
      "quantity": 18,
      "order_type": "LIMIT"
    },
    {
      "timestamp": "2025-03-01T09:30:00.271740+00:00",
      "side": "SELL",
      "price": 585.74,
      "quantity": 40,
      "order_type": "LIMIT"
    },
    {
      "timestamp": "2025-03-01T09:30:00.271740+00:00",
      "side": "SELL",
      "price": 585.78,
      "quantity": 25,
      "order_type": "LIMIT"
    },
    {
      "timestamp": "2025-03-01T09:30:00.293840+00:00",
      "side": "BUY",
      "price": 585.7,
      "quantity": 100,
      "order_type": "LIMIT"
    },
    {
      "timestamp": "2025-03-01T09:30:00.615389+00:00",
      "side": "BUY",
      "price": 585.44,
      "quantity": 100,
      "order_type": "LIMIT"
    },
    {
      "timestamp": "2025-03-01T09:30:00.911978+00:00",
      "side": "BUY",
      "price": 585.74,
      "quantity": 100,
      "order_type": "LIMIT"
    },
    {
      "timestamp": "2025-03-01T09:30:01.151828+00:00",
      "side": "SELL",
      "price": 585.98,
      "quantity": 5,
      "order_type": "LIMIT"
    },
    {
      "timestamp": "2025-03-01T09:30:01.151828+00:00",
      "side": "SELL",
      "price": 586.0,
      "quantity": 20,
      "order_type": "LIMIT"
    },
    {
      "timestamp": "2025-03-01T09:30:01.151828+00:00",
      "side": "SELL",
      "price": 586.5,
      "quantity": 18,
      "order_type": "LIMIT"
    },
    {
      "timestamp": "2025-03-01T09:30:01.173276+00:00",
      "side": "SELL",
      "price": 585.86,
      "quantity": 3,
      "order_type": "LIMIT"
    },
    {
      "timestamp": "2025-03-01T09:30:01.732218+00:00",
      "side": "BUY",
      "price": 585.47,
      "quantity": 18,
      "order_type": "LIMIT"
    },
    {
      "timestamp": "2025-03-01T09:30:02.034430+00:00",
      "side": "SELL",
      "price": 585.76,
      "quantity": 9,
      "order_type": "LIMIT"
    },
    {
      "timestamp": "2025-03-01T09:30:02.565552+00:00",
      "side": "SELL",
      "price": 585.77,
      "quantity": 18,
      "order_type": "LIMIT"
    },
    {
      "timestamp": "2025-03-01T09:30:02.737723+00:00",
      "side": "SELL",
      "price": 585.71,
      "quantity": 100,
      "order_type": "LIMIT"
    },
    {
      "timestamp": "2025-03-01T09:30:03.132689+00:00",
      "side": "SELL",
      "price": 585.65,
      "quantity": 12,
      "order_type": "LIMIT"
    },
    {
      "timestamp": "2025-03-01T09:30:03.954770+00:00",
      "side": "BUY",
      "price": 585.45,
      "quantity": 18,
      "order_type": "LIMIT"
    },
    {
      "timestamp": "2025-03-01T09:30:04.570826+00:00",
      "side": "SELL",
      "price": 585.79,
      "quantity": 16,
      "order_type": "LIMIT"
    },
    {
      "timestamp": "2025-03-01T09:30:05.388462+00:00",
      "side": "SELL",
      "price": 585.65,
      "quantity": 100,
      "order_type": "LIMIT"
    },
    {
      "timestamp": "2025-03-01T09:30:06.291952+00:00",
      "side": "BUY",
      "price": 585.48,
      "quantity": 39,
      "order_type": "LIMIT"
    },
    {
      "timestamp": "2025-03-01T09:30:09.522722+00:00",
      "side": "SELL",
      "price": 585.68,
      "quantity": 320,
      "order_type": "LIMIT"
    },
    {
      "timestamp": "2025-03-01T09:30:10.047372+00:00",
      "side": "BUY",
      "price": 585.46,
      "quantity": 4,
      "order_type": "LIMIT"
    },
    {
      "timestamp": "2025-03-01T09:30:10.847601+00:00",
      "side": "SELL",
      "price": 585.65,
      "quantity": 18,
      "order_type": "LIMIT"
    },
    {
      "timestamp": "2025-03-01T09:30:11.506656+00:00",
      "side": "SELL",
      "price": 585.58,
      "quantity": 320,
      "order_type": "LIMIT"
    },
    {
      "timestamp": "2025-03-01T09:30:12.081039+00:00",
      "side": "SELL",
      "price": 585.52,
      "quantity": 320,
      "order_type": "LIMIT"
    },
    {
      "timestamp": "2025-03-01T09:30:15.222997+00:00",
      "side": "SELL",
      "price": 585.43,
      "quantity": 251,
      "order_type": "LIMIT"
    },
    {
      "timestamp": "2025-03-01T09:30:19.320088+00:00",
      "side": "SELL",
      "price": 585.63,
      "quantity": 18,
      "order_type": "LIMIT"
    },
    {
      "timestamp": "2025-03-01T09:30:19.540816+00:00",
      "side": "SELL",
      "price": 585.63,
      "quantity": 8,
      "order_type": "LIMIT"
    },
    {
      "timestamp": "2025-03-01T09:30:23.272917+00:00",
      "side": "SELL",
      "price": 585.67,
      "quantity": 18,
      "order_type": "LIMIT"
    },
    {
      "timestamp": "2025-03-01T09:30:26.974302+00:00",
      "side": "SELL",
      "price": 585.65,
      "quantity": 18,
      "order_type": "LIMIT"
    },
    {
      "timestamp": "2025-03-01T09:30:27.608626+00:00",
      "side": "BUY",
      "price": 585.5,
      "quantity": 18,
      "order_type": "LIMIT"
    },
    {
      "timestamp": "2025-03-01T09:30:29.482367+00:00",
      "side": "SELL",
      "price": 585.78,
      "quantity": 18,
      "order_type": "LIMIT"
    },
    {
      "timestamp": "2025-03-01T09:30:30.185673+00:00",
      "side": "BUY",
      "price": 585.5,
      "quantity": 70,
      "order_type": "LIMIT"
    },
    {
      "timestamp": "2025-03-01T09:30:31.437504+00:00",
      "side": "SELL",
      "price": 585.8,
      "quantity": 18,
      "order_type": "LIMIT"
    },
    {
      "timestamp": "2025-03-01T09:30:33.005411+00:00",
      "side": "SELL",
      "price": 585.78,
      "quantity": 18,
      "order_type": "LIMIT"
    },
    {
      "timestamp": "2025-03-01T09:30:33.750394+00:00",
      "side": "BUY",
      "price": 585.53,
      "quantity": 18,
      "order_type": "LIMIT"
    },
    {
      "timestamp": "2025-03-01T09:30:34.279459+00:00",
      "side": "SELL",
      "price": 585.74,
      "quantity": 18,
      "order_type": "LIMIT"
    },
    {
      "timestamp": "2025-03-01T09:30:34.554448+00:00",
      "side": "BUY",
      "price": 585.52,
      "quantity": 18,
      "order_type": "LIMIT"
    },
    {
      "timestamp": "2025-03-01T09:30:35.628110+00:00",
      "side": "BUY",
      "price": 585.52,
      "quantity": 18,
      "order_type": "LIMIT"
    },
    {
      "timestamp": "2025-03-01T09:30:37.023448+00:00",
      "side": "BUY",
      "price": 585.53,
      "quantity": 18,
      "order_type": "LIMIT"
    },
    {
      "timestamp": "2025-03-01T09:30:38.384243+00:00",
      "side": "BUY",
      "price": 585.54,
      "quantity": 18,
      "order_type": "LIMIT"
    },
    {
      "timestamp": "2025-03-01T09:30:42.095295+00:00",
      "side": "SELL",
      "price": 585.52,
      "quantity": 300,
      "order_type": "LIMIT"
    },
    {
      "timestamp": "2025-03-01T09:30:42.540075+00:00",
      "side": "SELL",
      "price": 585.51,
      "quantity": 6,
      "order_type": "LIMIT"
    },
    {
      "timestamp": "2025-03-01T09:30:44.070791+00:00",
      "side": "SELL",
      "price": 585.52,
      "quantity": 18,
      "order_type": "LIMIT"
    },
    {
      "timestamp": "2025-03-01T09:30:46.779331+00:00",
      "side": "BUY",
      "price": 585.17,
      "quantity": 18,
      "order_type": "LIMIT"
    },
    {
      "timestamp": "2025-03-01T09:30:47.383864+00:00",
      "side": "SELL",
      "price": 585.5,
      "quantity": 18,
      "order_type": "LIMIT"
    },
    {
      "timestamp": "2025-03-01T09:30:47.594210+00:00",
      "side": "SELL",
      "price": 585.76,
      "quantity": 100,
      "order_type": "LIMIT"
    },
    {
      "timestamp": "2025-03-01T09:30:47.682158+00:00",
      "side": "BUY",
      "price": 585.34,
      "quantity": 18,
      "order_type": "LIMIT"
    },
    {
      "timestamp": "2025-03-01T09:30:49.086440+00:00",
      "side": "BUY",
      "price": 585.33,
      "quantity": 6,
      "order_type": "LIMIT"
    },
    {
      "timestamp": "2025-03-01T09:30:52.020970+00:00",
      "side": "BUY",
      "price": 585.33,
      "quantity": 18,
      "order_type": "LIMIT"
    },
    {
      "timestamp": "2025-03-01T09:30:52.027560+00:00",
      "side": "BUY",
      "price": 585.37,
      "quantity": 100,
      "order_type": "LIMIT"
    },
    {
      "timestamp": "2025-03-01T09:30:52.525747+00:00",
      "side": "BUY",
      "price": 585.35,
      "quantity": 18,
      "order_type": "LIMIT"
    },
    {
      "timestamp": "2025-03-01T09:30:53.634673+00:00",
      "side": "SELL",
      "price": 585.74,
      "quantity": 12,
      "order_type": "LIMIT"
    },
    {
      "timestamp": "2025-03-01T09:30:56.190808+00:00",
      "side": "BUY",
      "price": 585.35,
      "quantity": 6,
      "order_type": "LIMIT"
    },
    {
      "timestamp": "2025-03-01T09:30:56.972053+00:00",
      "side": "SELL",
      "price": 585.64,
      "quantity": 100,
      "order_type": "LIMIT"
    },
    {
      "timestamp": "2025-03-01T09:30:57.635637+00:00",
      "side": "SELL",
      "price": 585.62,
      "quantity": 18,
      "order_type": "LIMIT"
    },
    {
      "timestamp": "2025-03-01T09:30:58.268124+00:00",
      "side": "BUY",
      "price": 585.05,
      "quantity": 100,
      "order_type": "LIMIT"
    },
    {
      "timestamp": "2025-03-01T09:30:59.575254+00:00",
      "side": "SELL",
      "price": 585.64,
      "quantity": 18,
      "order_type": "LIMIT"
    },
    {
      "timestamp": "2025-03-01T09:30:59.729508+00:00",
      "side": "SELL",
      "price": 585.64,
      "quantity": 100,
      "order_type": "LIMIT"
    },
    {
      "timestamp": "2025-03-01T09:30:59.896304+00:00",
      "side": "SELL",
      "price": 585.63,
      "quantity": 100,
      "order_type": "LIMIT"
    },
    {
      "timestamp": "2025-03-01T09:31:00.175706+00:00",
      "side": "BUY",
      "price": 585.21,
      "quantity": 100,
      "order_type": "LIMIT"
    },
    {
      "timestamp": "2025-03-01T09:31:00.748315+00:00",
      "side": "BUY",
      "price": 585.35,
      "quantity": 18,
      "order_type": "LIMIT"
    },
    {
      "timestamp": "2025-03-01T09:31:01.267590+00:00",
      "side": "BUY",
      "price": 585.32,
      "quantity": 18,
      "order_type": "LIMIT"
    },
    {
      "timestamp": "2025-03-01T09:31:01.823976+00:00",
      "side": "BUY",
      "price": 585.33,
      "quantity": 18,
      "order_type": "LIMIT"
    },
    {
      "timestamp": "2025-03-01T09:31:01.830754+00:00",
      "side": "SELL",
      "price": 585.64,
      "quantity": 100,
      "order_type": "LIMIT"
    },
    {
      "timestamp": "2025-03-01T09:31:02.708889+00:00",
      "side": "BUY",
      "price": 585.35,
      "quantity": 18,
      "order_type": "LIMIT"
    },
    {
      "timestamp": "2025-03-01T09:31:04.216160+00:00",
      "side": "SELL",
      "price": 585.63,
      "quantity": 100,
      "order_type": "LIMIT"
    },
    {
      "timestamp": "2025-03-01T09:31:04.647982+00:00",
      "side": "SELL",
      "price": 585.78,
      "quantity": 100,
      "order_type": "LIMIT"
    },
    {
      "timestamp": "2025-03-01T09:31:06.056072+00:00",
      "side": "BUY",
      "price": 585.34,
      "quantity": 18,
      "order_type": "LIMIT"
    },
    {
      "timestamp": "2025-03-01T09:31:10.026599+00:00",
      "side": "SELL",
      "price": 585.62,
      "quantity": 100,
      "order_type": "LIMIT"
    },
    {
      "timestamp": "2025-03-01T09:31:10.107440+00:00",
      "side": "BUY",
      "price": 585.24,
      "quantity": 18,
      "order_type": "LIMIT"
    },
    {
      "timestamp": "2025-03-01T09:31:10.257408+00:00",
      "side": "SELL",
      "price": 585.59,
      "quantity": 18,
      "order_type": "LIMIT"
    },
    {
      "timestamp": "2025-03-01T09:31:11.029030+00:00",
      "side": "BUY",
      "price": 585.29,
      "quantity": 200,
      "order_type": "LIMIT"
    },
    {
      "timestamp": "2025-03-01T09:31:12.821994+00:00",
      "side": "BUY",
      "price": 585.36,
      "quantity": 18,
      "order_type": "LIMIT"
    },
    {
      "timestamp": "2025-03-01T09:31:14.644021+00:00",
      "side": "SELL",
      "price": 585.61,
      "quantity": 18,
      "order_type": "LIMIT"
    },
    {
      "timestamp": "2025-03-01T09:31:17.377295+00:00",
      "side": "BUY",
      "price": 585.4,
      "quantity": 18,
      "order_type": "LIMIT"
    },
    {
      "timestamp": "2025-03-01T09:31:18.001834+00:00",
      "side": "BUY",
      "price": 585.39,
      "quantity": 18,
      "order_type": "LIMIT"
    },
    {
      "timestamp": "2025-03-01T09:31:18.972707+00:00",
      "side": "SELL",
      "price": 585.61,
      "quantity": 100,
      "order_type": "LIMIT"
    },
    {
      "timestamp": "2025-03-01T09:31:19.967803+00:00",
      "side": "SELL",
      "price": 585.61,
      "quantity": 100,
      "order_type": "LIMIT"
    },
    {
      "timestamp": "2025-03-01T09:31:21.158190+00:00",
      "side": "BUY",
      "price": 585.47,
      "quantity": 18,
      "order_type": "LIMIT"
    },
    {
      "timestamp": "2025-03-01T09:31:21.351223+00:00",
      "side": "SELL",
      "price": 585.63,
      "quantity": 100,
      "order_type": "LIMIT"
    },
    {
      "timestamp": "2025-03-01T09:31:21.924942+00:00",
      "side": "SELL",
      "price": 585.77,
      "quantity": 100,
      "order_type": "LIMIT"
    },
    {
      "timestamp": "2025-03-01T09:31:23.543428+00:00",
      "side": "SELL",
      "price": 585.62,
      "quantity": 100,
      "order_type": "LIMIT"
    },
    {
      "timestamp": "2025-03-01T09:31:24.296787+00:00",
      "side": "SELL",
      "price": 585.6,
      "quantity": 100,
      "order_type": "LIMIT"
    },
    {
      "timestamp": "2025-03-01T09:31:24.429358+00:00",
      "side": "SELL",
      "price": 585.56,
      "quantity": 100,
      "order_type": "LIMIT"
    },
    {
      "timestamp": "2025-03-01T09:31:25.051021+00:00",
      "side": "BUY",
      "price": 585.24,
      "quantity": 200,
      "order_type": "LIMIT"
    },
    {
      "timestamp": "2025-03-01T09:31:25.406190+00:00",
      "side": "BUY",
      "price": 585.27,
      "quantity": 18,
      "order_type": "LIMIT"
    },
    {
      "timestamp": "2025-03-01T09:31:26.007637+00:00",
      "side": "BUY",
      "price": 585.19,
      "quantity": 100,
      "order_type": "LIMIT"
    },
    {
      "timestamp": "2025-03-01T09:31:26.934323+00:00",
      "side": "BUY",
      "price": 585.31,
      "quantity": 100,
      "order_type": "LIMIT"
    },
    {
      "timestamp": "2025-03-01T09:31:26.984243+00:00",
      "side": "SELL",
      "price": 585.26,
      "quantity": 13,
      "order_type": "LIMIT"
    },
    {
      "timestamp": "2025-03-01T09:31:27.677901+00:00",
      "side": "SELL",
      "price": 585.54,
      "quantity": 100,
      "order_type": "LIMIT"
    },
    {
      "timestamp": "2025-03-01T09:31:27.725130+00:00",
      "side": "BUY",
      "price": 585.21,
      "quantity": 2,
      "order_type": "LIMIT"
    },
    {
      "timestamp": "2025-03-01T09:31:27.779954+00:00",
      "side": "BUY",
      "price": 584.99,
      "quantity": 100,
      "order_type": "LIMIT"
    },
    {
      "timestamp": "2025-03-01T09:31:27.853267+00:00",
      "side": "SELL",
      "price": 585.45,
      "quantity": 18,
      "order_type": "LIMIT"
    },
    {
      "timestamp": "2025-03-01T09:31:27.984271+00:00",
      "side": "SELL",
      "price": 585.27,
      "quantity": 200,
      "order_type": "LIMIT"
    },
    {
      "timestamp": "2025-03-01T09:31:28.065893+00:00",
      "side": "SELL",
      "price": 585.27,
      "quantity": 20,
      "order_type": "LIMIT"
    },
    {
      "timestamp": "2025-03-01T09:31:28.725538+00:00",
      "side": "SELL",
      "price": 585.01,
      "quantity": 50,
      "order_type": "LIMIT"
    },
    {
      "timestamp": "2025-03-01T09:31:28.756469+00:00",
      "side": "BUY",
      "price": 584.74,
      "quantity": 100,
      "order_type": "LIMIT"
    },
    {
      "timestamp": "2025-03-01T09:31:30.736078+00:00",
      "side": "SELL",
      "price": 584.9,
      "quantity": 100,
      "order_type": "LIMIT"
    },
    {
      "timestamp": "2025-03-01T09:31:31.517551+00:00",
      "side": "SELL",
      "price": 585.5,
      "quantity": 50,
      "order_type": "LIMIT"
    },
    {
      "timestamp": "2025-03-01T09:31:33.967906+00:00",
      "side": "SELL",
      "price": 584.95,
      "quantity": 100,
      "order_type": "LIMIT"
    },
    {
      "timestamp": "2025-03-01T09:31:37.734219+00:00",
      "side": "SELL",
      "price": 584.89,
      "quantity": 200,
      "order_type": "LIMIT"
    },
    {
      "timestamp": "2025-03-01T09:31:43.484132+00:00",
      "side": "SELL",
      "price": 584.9,
      "quantity": 100,
      "order_type": "LIMIT"
    },
    {
      "timestamp": "2025-03-01T09:31:45.107439+00:00",
      "side": "SELL",
      "price": 585.08,
      "quantity": 20,
      "order_type": "LIMIT"
    },
    {
      "timestamp": "2025-03-01T09:31:45.114641+00:00",
      "side": "SELL",
      "price": 585.04,
      "quantity": 100,
      "order_type": "LIMIT"
    },
    {
      "timestamp": "2025-03-01T09:31:45.122293+00:00",
      "side": "SELL",
      "price": 585.29,
      "quantity": 100,
      "order_type": "LIMIT"
    },
    {
      "timestamp": "2025-03-01T09:31:45.130441+00:00",
      "side": "SELL",
      "price": 585.27,
      "quantity": 100,
      "order_type": "LIMIT"
    },
    {
      "timestamp": "2025-03-01T09:31:45.368017+00:00",
      "side": "SELL",
      "price": 585.48,
      "quantity": 18,
      "order_type": "LIMIT"
    },
    {
      "timestamp": "2025-03-01T09:31:46.881904+00:00",
      "side": "SELL",
      "price": 585.17,
      "quantity": 100,
      "order_type": "LIMIT"
    },
    {
      "timestamp": "2025-03-01T09:31:49.160091+00:00",
      "side": "BUY",
      "price": 584.88,
      "quantity": 200,
      "order_type": "LIMIT"
    },
    {
      "timestamp": "2025-03-01T09:31:49.520154+00:00",
      "side": "SELL",
      "price": 585.39,
      "quantity": 1,
      "order_type": "LIMIT"
    },
    {
      "timestamp": "2025-03-01T09:31:49.748472+00:00",
      "side": "SELL",
      "price": 585.39,
      "quantity": 18,
      "order_type": "LIMIT"
    },
    {
      "timestamp": "2025-03-01T09:31:49.998690+00:00",
      "side": "SELL",
      "price": 585.35,
      "quantity": 1,
      "order_type": "LIMIT"
    },
    {
      "timestamp": "2025-03-01T09:31:50.117026+00:00",
      "side": "SELL",
      "price": 585.39,
      "quantity": 1,
      "order_type": "LIMIT"
    },
    {
      "timestamp": "2025-03-01T09:31:50.244165+00:00",
      "side": "SELL",
      "price": 585.25,
      "quantity": 100,
      "order_type": "LIMIT"
    },
    {
      "timestamp": "2025-03-01T09:31:50.367887+00:00",
      "side": "SELL",
      "price": 585.22,
      "quantity": 1,
      "order_type": "LIMIT"
    },
    {
      "timestamp": "2025-03-01T09:31:51.077861+00:00",
      "side": "SELL",
      "price": 585.33,
      "quantity": 18,
      "order_type": "LIMIT"
    },
    {
      "timestamp": "2025-03-01T09:31:51.336531+00:00",
      "side": "SELL",
      "price": 585.04,
      "quantity": 100,
      "order_type": "LIMIT"
    },
    {
      "timestamp": "2025-03-01T09:31:51.648234+00:00",
      "side": "SELL",
      "price": 585.37,
      "quantity": 18,
      "order_type": "LIMIT"
    },
    {
      "timestamp": "2025-03-01T09:31:52.023864+00:00",
      "side": "SELL",
      "price": 585.03,
      "quantity": 1,
      "order_type": "LIMIT"
    },
    {
      "timestamp": "2025-03-01T09:31:52.176999+00:00",
      "side": "SELL",
      "price": 585.22,
      "quantity": 1,
      "order_type": "LIMIT"
    },
    {
      "timestamp": "2025-03-01T09:31:52.692706+00:00",
      "side": "BUY",
      "price": 584.85,
      "quantity": 100,
      "order_type": "LIMIT"
    },
    {
      "timestamp": "2025-03-01T09:31:52.838293+00:00",
      "side": "SELL",
      "price": 585.05,
      "quantity": 1,
      "order_type": "LIMIT"
    },
    {
      "timestamp": "2025-03-01T09:31:53.023573+00:00",
      "side": "SELL",
      "price": 585.22,
      "quantity": 1,
      "order_type": "LIMIT"
    },
    {
      "timestamp": "2025-03-01T09:31:54.162401+00:00",
      "side": "SELL",
      "price": 585.39,
      "quantity": 1,
      "order_type": "LIMIT"
    },
    {
      "timestamp": "2025-03-01T09:31:54.456261+00:00",
      "side": "SELL",
      "price": 585.23,
      "quantity": 100,
      "order_type": "LIMIT"
    },
    {
      "timestamp": "2025-03-01T09:31:54.529220+00:00",
      "side": "SELL",
      "price": 585.17,
      "quantity": 2,
      "order_type": "LIMIT"
    },
    {
      "timestamp": "2025-03-01T09:31:55.363597+00:00",
      "side": "SELL",
      "price": 585.13,
      "quantity": 2,
      "order_type": "LIMIT"
    },
    {
      "timestamp": "2025-03-01T09:31:56.272065+00:00",
      "side": "SELL",
      "price": 585.12,
      "quantity": 2,
      "order_type": "LIMIT"
    },
    {
      "timestamp": "2025-03-01T09:31:57.225922+00:00",
      "side": "SELL",
      "price": 585.16,
      "quantity": 100,
      "order_type": "LIMIT"
    },
    {
      "timestamp": "2025-03-01T09:31:58.335945+00:00",
      "side": "SELL",
      "price": 585.37,
      "quantity": 200,
      "order_type": "LIMIT"
    },
    {
      "timestamp": "2025-03-01T09:32:01.641264+00:00",
      "side": "SELL",
      "price": 585.28,
      "quantity": 100,
      "order_type": "LIMIT"
    },
    {
      "timestamp": "2025-03-01T09:32:03.602397+00:00",
      "side": "BUY",
      "price": 584.99,
      "quantity": 100,
      "order_type": "LIMIT"
    },
    {
      "timestamp": "2025-03-01T09:32:06.711223+00:00",
      "side": "SELL",
      "price": 585.27,
      "quantity": 100,
      "order_type": "LIMIT"
    },
    {
      "timestamp": "2025-03-01T09:32:08.122122+00:00",
      "side": "BUY",
      "price": 585.1,
      "quantity": 100,
      "order_type": "LIMIT"
    },
    {
      "timestamp": "2025-03-01T09:32:09.832824+00:00",
      "side": "BUY",
      "price": 585.15,
      "quantity": 100,
      "order_type": "LIMIT"
    },
    {
      "timestamp": "2025-03-01T09:32:09.873456+00:00",
      "side": "BUY",
      "price": 585.18,
      "quantity": 100,
      "order_type": "LIMIT"
    },
    {
      "timestamp": "2025-03-01T09:32:10.672141+00:00",
      "side": "BUY",
      "price": 584.99,
      "quantity": 200,
      "order_type": "LIMIT"
    },
    {
      "timestamp": "2025-03-01T09:32:13.768532+00:00",
      "side": "SELL",
      "price": 585.37,
      "quantity": 15,
      "order_type": "LIMIT"
    },
    {
      "timestamp": "2025-03-01T09:32:15.663609+00:00",
      "side": "BUY",
      "price": 584.86,
      "quantity": 200,
      "order_type": "LIMIT"
    },
    {
      "timestamp": "2025-03-01T09:32:21.205093+00:00",
      "side": "SELL",
      "price": 585.3,
      "quantity": 18,
      "order_type": "LIMIT"
    },
    {
      "timestamp": "2025-03-01T09:32:26.257671+00:00",
      "side": "SELL",
      "price": 585.32,
      "quantity": 1,
      "order_type": "LIMIT"
    },
    {
      "timestamp": "2025-03-01T09:32:26.783890+00:00",
      "side": "SELL",
      "price": 585.21,
      "quantity": 100,
      "order_type": "LIMIT"
    },
    {
      "timestamp": "2025-03-01T09:32:27.064693+00:00",
      "side": "SELL",
      "price": 585.21,
      "quantity": 100,
      "order_type": "LIMIT"
    },
    {
      "timestamp": "2025-03-01T09:32:27.298586+00:00",
      "side": "SELL",
      "price": 585.2,
      "quantity": 1,
      "order_type": "LIMIT"
    },
    {
      "timestamp": "2025-03-01T09:32:28.399337+00:00",
      "side": "SELL",
      "price": 585.2,
      "quantity": 18,
      "order_type": "LIMIT"
    },
    {
      "timestamp": "2025-03-01T09:32:29.819846+00:00",
      "side": "SELL",
      "price": 585.41,
      "quantity": 18,
      "order_type": "LIMIT"
    },
    {
      "timestamp": "2025-03-01T09:32:31.834667+00:00",
      "side": "BUY",
      "price": 584.86,
      "quantity": 20,
      "order_type": "LIMIT"
    },
    {
      "timestamp": "2025-03-01T09:32:39.620876+00:00",
      "side": "SELL",
      "price": 585.19,
      "quantity": 1,
      "order_type": "LIMIT"
    },
    {
      "timestamp": "2025-03-01T09:32:40.213241+00:00",
      "side": "SELL",
      "price": 585.08,
      "quantity": 1,
      "order_type": "LIMIT"
    },
    {
      "timestamp": "2025-03-01T09:32:41.745056+00:00",
      "side": "BUY",
      "price": 584.74,
      "quantity": 200,
      "order_type": "LIMIT"
    },
    {
      "timestamp": "2025-03-01T09:32:44.522121+00:00",
      "side": "SELL",
      "price": 585.19,
      "quantity": 1,
      "order_type": "LIMIT"
    },
    {
      "timestamp": "2025-03-01T09:32:45.127802+00:00",
      "side": "SELL",
      "price": 585.16,
      "quantity": 200,
      "order_type": "LIMIT"
    },
    {
      "timestamp": "2025-03-01T09:32:45.585389+00:00",
      "side": "BUY",
      "price": 585.0,
      "quantity": 100,
      "order_type": "LIMIT"
    },
    {
      "timestamp": "2025-03-01T09:32:50.674861+00:00",
      "side": "SELL",
      "price": 585.67,
      "quantity": 200,
      "order_type": "LIMIT"
    },
    {
      "timestamp": "2025-03-01T09:32:54.081030+00:00",
      "side": "BUY",
      "price": 585.01,
      "quantity": 56,
      "order_type": "LIMIT"
    },
    {
      "timestamp": "2025-03-01T09:32:55.819983+00:00",
      "side": "SELL",
      "price": 585.73,
      "quantity": 200,
      "order_type": "LIMIT"
    },
    {
      "timestamp": "2025-03-01T09:32:55.944927+00:00",
      "side": "SELL",
      "price": 585.33,
      "quantity": 100,
      "order_type": "LIMIT"
    },
    {
      "timestamp": "2025-03-01T09:32:56.017446+00:00",
      "side": "SELL",
      "price": 585.81,
      "quantity": 200,
      "order_type": "LIMIT"
    },
    {
      "timestamp": "2025-03-01T09:32:56.022701+00:00",
      "side": "SELL",
      "price": 585.41,
      "quantity": 100,
      "order_type": "LIMIT"
    },
    {
      "timestamp": "2025-03-01T09:32:56.029542+00:00",
      "side": "BUY",
      "price": 585.22,
      "quantity": 100,
      "order_type": "LIMIT"
    },
    {
      "timestamp": "2025-03-01T09:32:56.037967+00:00",
      "side": "BUY",
      "price": 585.19,
      "quantity": 100,
      "order_type": "LIMIT"
    },
    {
      "timestamp": "2025-03-01T09:32:56.445433+00:00",
      "side": "BUY",
      "price": 585.23,
      "quantity": 100,
      "order_type": "LIMIT"
    },
    {
      "timestamp": "2025-03-01T09:32:56.482550+00:00",
      "side": "BUY",
      "price": 585.24,
      "quantity": 100,
      "order_type": "LIMIT"
    },
    {
      "timestamp": "2025-03-01T09:32:57.950394+00:00",
      "side": "BUY",
      "price": 585.27,
      "quantity": 100,
      "order_type": "LIMIT"
    },
    {
      "timestamp": "2025-03-01T09:32:59.284894+00:00",
      "side": "SELL",
      "price": 585.97,
      "quantity": 200,
      "order_type": "LIMIT"
    },
    {
      "timestamp": "2025-03-01T09:32:59.849582+00:00",
      "side": "SELL",
      "price": 585.53,
      "quantity": 100,
      "order_type": "LIMIT"
    },
    {
      "timestamp": "2025-03-01T09:33:00.226290+00:00",
      "side": "BUY",
      "price": 585.37,
      "quantity": 100,
      "order_type": "LIMIT"
    },
    {
      "timestamp": "2025-03-01T09:33:01.210321+00:00",
      "side": "SELL",
      "price": 585.63,
      "quantity": 100,
      "order_type": "LIMIT"
    },
    {
      "timestamp": "2025-03-01T09:33:02.398955+00:00",
      "side": "SELL",
      "price": 585.76,
      "quantity": 100,
      "order_type": "LIMIT"
    },
    {
      "timestamp": "2025-03-01T09:33:03.346577+00:00",
      "side": "SELL",
      "price": 585.63,
      "quantity": 100,
      "order_type": "LIMIT"
    },
    {
      "timestamp": "2025-03-01T09:33:03.533362+00:00",
      "side": "SELL",
      "price": 585.64,
      "quantity": 100,
      "order_type": "LIMIT"
    },
    {
      "timestamp": "2025-03-01T09:33:03.552877+00:00",
      "side": "BUY",
      "price": 585.14,
      "quantity": 200,
      "order_type": "LIMIT"
    },
    {
      "timestamp": "2025-03-01T09:33:03.577219+00:00",
      "side": "BUY",
      "price": 585.18,
      "quantity": 200,
      "order_type": "LIMIT"
    },
    {
      "timestamp": "2025-03-01T09:33:03.889165+00:00",
      "side": "SELL",
      "price": 585.77,
      "quantity": 200,
      "order_type": "LIMIT"
    },
    {
      "timestamp": "2025-03-01T09:33:04.430287+00:00",
      "side": "BUY",
      "price": 584.99,
      "quantity": 200,
      "order_type": "LIMIT"
    },
    {
      "timestamp": "2025-03-01T09:33:05.236602+00:00",
      "side": "BUY",
      "price": 585.27,
      "quantity": 201,
      "order_type": "LIMIT"
    },
    {
      "timestamp": "2025-03-01T09:33:05.259296+00:00",
      "side": "BUY",
      "price": 585.27,
      "quantity": 201,
      "order_type": "LIMIT"
    },
    {
      "timestamp": "2025-03-01T09:33:05.284221+00:00",
      "side": "BUY",
      "price": 585.27,
      "quantity": 201,
      "order_type": "LIMIT"
    },
    {
      "timestamp": "2025-03-01T09:33:05.422551+00:00",
      "side": "SELL",
      "price": 585.61,
      "quantity": 18,
      "order_type": "LIMIT"
    },
    {
      "timestamp": "2025-03-01T09:33:06.241026+00:00",
      "side": "SELL",
      "price": 585.64,
      "quantity": 18,
      "order_type": "LIMIT"
    },
    {
      "timestamp": "2025-03-01T09:33:07.092302+00:00",
      "side": "SELL",
      "price": 585.63,
      "quantity": 18,
      "order_type": "LIMIT"
    },
    {
      "timestamp": "2025-03-01T09:33:07.381453+00:00",
      "side": "BUY",
      "price": 585.25,
      "quantity": 151,
      "order_type": "LIMIT"
    },
    {
      "timestamp": "2025-03-01T09:33:08.816353+00:00",
      "side": "BUY",
      "price": 585.39,
      "quantity": 178,
      "order_type": "LIMIT"
    },
    {
      "timestamp": "2025-03-01T09:33:09.203835+00:00",
      "side": "BUY",
      "price": 585.39,
      "quantity": 151,
      "order_type": "LIMIT"
    },
    {
      "timestamp": "2025-03-01T09:33:09.379404+00:00",
      "side": "BUY",
      "price": 585.39,
      "quantity": 151,
      "order_type": "LIMIT"
    },
    {
      "timestamp": "2025-03-01T09:33:09.606975+00:00",
      "side": "BUY",
      "price": 585.17,
      "quantity": 200,
      "order_type": "LIMIT"
    },
    {
      "timestamp": "2025-03-01T09:33:09.698803+00:00",
      "side": "SELL",
      "price": 585.62,
      "quantity": 200,
      "order_type": "LIMIT"
    },
    {
      "timestamp": "2025-03-01T09:33:12.535364+00:00",
      "side": "SELL",
      "price": 585.59,
      "quantity": 18,
      "order_type": "LIMIT"
    },
    {
      "timestamp": "2025-03-01T09:33:14.279872+00:00",
      "side": "BUY",
      "price": 585.13,
      "quantity": 100,
      "order_type": "LIMIT"
    },
    {
      "timestamp": "2025-03-01T09:33:14.965965+00:00",
      "side": "BUY",
      "price": 585.15,
      "quantity": 6,
      "order_type": "LIMIT"
    },
    {
      "timestamp": "2025-03-01T09:33:15.856880+00:00",
      "side": "SELL",
      "price": 585.72,
      "quantity": 18,
      "order_type": "LIMIT"
    },
    {
      "timestamp": "2025-03-01T09:33:15.902420+00:00",
      "side": "BUY",
      "price": 585.32,
      "quantity": 20,
      "order_type": "LIMIT"
    },
    {
      "timestamp": "2025-03-01T09:33:16.653429+00:00",
      "side": "SELL",
      "price": 585.87,
      "quantity": 200,
      "order_type": "LIMIT"
    },
    {
      "timestamp": "2025-03-01T09:33:17.101695+00:00",
      "side": "BUY",
      "price": 585.44,
      "quantity": 18,
      "order_type": "LIMIT"
    },
    {
      "timestamp": "2025-03-01T09:33:17.314505+00:00",
      "side": "BUY",
      "price": 585.42,
      "quantity": 20,
      "order_type": "LIMIT"
    },
    {
      "timestamp": "2025-03-01T09:33:17.398419+00:00",
      "side": "SELL",
      "price": 585.82,
      "quantity": 100,
      "order_type": "LIMIT"
    },
    {
      "timestamp": "2025-03-01T09:33:17.402755+00:00",
      "side": "SELL",
      "price": 585.82,
      "quantity": 100,
      "order_type": "LIMIT"
    },
    {
      "timestamp": "2025-03-01T09:33:17.464680+00:00",
      "side": "BUY",
      "price": 585.82,
      "quantity": 20,
      "order_type": "LIMIT"
    },
    {
      "timestamp": "2025-03-01T09:33:17.684398+00:00",
      "side": "BUY",
      "price": 585.84,
      "quantity": 14,
      "order_type": "LIMIT"
    },
    {
      "timestamp": "2025-03-01T09:33:17.770926+00:00",
      "side": "SELL",
      "price": 585.85,
      "quantity": 100,
      "order_type": "LIMIT"
    },
    {
      "timestamp": "2025-03-01T09:33:17.853010+00:00",
      "side": "BUY",
      "price": 585.47,
      "quantity": 18,
      "order_type": "LIMIT"
    },
    {
      "timestamp": "2025-03-01T09:33:17.868371+00:00",
      "side": "BUY",
      "price": 585.34,
      "quantity": 200,
      "order_type": "LIMIT"
    },
    {
      "timestamp": "2025-03-01T09:33:18.242919+00:00",
      "side": "BUY",
      "price": 585.32,
      "quantity": 200,
      "order_type": "LIMIT"
    },
    {
      "timestamp": "2025-03-01T09:33:18.461061+00:00",
      "side": "SELL",
      "price": 585.99,
      "quantity": 100,
      "order_type": "LIMIT"
    },
    {
      "timestamp": "2025-03-01T09:33:19.167250+00:00",
      "side": "BUY",
      "price": 585.61,
      "quantity": 6,
      "order_type": "LIMIT"
    },
    {
      "timestamp": "2025-03-01T09:33:19.221120+00:00",
      "side": "SELL",
      "price": 586.57,
      "quantity": 200,
      "order_type": "LIMIT"
    },
    {
      "timestamp": "2025-03-01T09:33:19.269274+00:00",
      "side": "SELL",
      "price": 586.88,
      "quantity": 18,
      "order_type": "LIMIT"
    },
    {
      "timestamp": "2025-03-01T09:33:19.316722+00:00",
      "side": "SELL",
      "price": 586.24,
      "quantity": 100,
      "order_type": "LIMIT"
    },
    {
      "timestamp": "2025-03-01T09:33:19.402748+00:00",
      "side": "BUY",
      "price": 585.69,
      "quantity": 18,
      "order_type": "LIMIT"
    },
    {
      "timestamp": "2025-03-01T09:33:19.507049+00:00",
      "side": "SELL",
      "price": 586.46,
      "quantity": 18,
      "order_type": "LIMIT"
    },
    {
      "timestamp": "2025-03-01T09:33:19.606023+00:00",
      "side": "SELL",
      "price": 586.52,
      "quantity": 200,
      "order_type": "LIMIT"
    },
    {
      "timestamp": "2025-03-01T09:33:19.875416+00:00",
      "side": "BUY",
      "price": 586.32,
      "quantity": 100,
      "order_type": "LIMIT"
    },
    {
      "timestamp": "2025-03-01T09:33:20.058384+00:00",
      "side": "BUY",
      "price": 585.92,
      "quantity": 200,
      "order_type": "LIMIT"
    },
    {
      "timestamp": "2025-03-01T09:33:20.068052+00:00",
      "side": "BUY",
      "price": 586.23,
      "quantity": 100,
      "order_type": "LIMIT"
    },
    {
      "timestamp": "2025-03-01T09:33:20.075656+00:00",
      "side": "BUY",
      "price": 586.04,
      "quantity": 104,
      "order_type": "LIMIT"
    },
    {
      "timestamp": "2025-03-01T09:33:20.079019+00:00",
      "side": "BUY",
      "price": 586.26,
      "quantity": 100,
      "order_type": "LIMIT"
    },
    {
      "timestamp": "2025-03-01T09:33:20.101710+00:00",
      "side": "SELL",
      "price": 586.57,
      "quantity": 18,
      "order_type": "LIMIT"
    },
    {
      "timestamp": "2025-03-01T09:33:20.131264+00:00",
      "side": "BUY",
      "price": 586.29,
      "quantity": 18,
      "order_type": "LIMIT"
    },
    {
      "timestamp": "2025-03-01T09:33:20.273527+00:00",
      "side": "BUY",
      "price": 586.06,
      "quantity": 104,
      "order_type": "LIMIT"
    },
    {
      "timestamp": "2025-03-01T09:33:20.289121+00:00",
      "side": "BUY",
      "price": 586.06,
      "quantity": 104,
      "order_type": "LIMIT"
    },
    {
      "timestamp": "2025-03-01T09:33:20.296878+00:00",
      "side": "BUY",
      "price": 586.36,
      "quantity": 6,
      "order_type": "LIMIT"
    },
    {
      "timestamp": "2025-03-01T09:33:20.383883+00:00",
      "side": "BUY",
      "price": 586.22,
      "quantity": 200,
      "order_type": "LIMIT"
    },
    {
      "timestamp": "2025-03-01T09:33:20.424508+00:00",
      "side": "BUY",
      "price": 586.04,
      "quantity": 200,
      "order_type": "LIMIT"
    },
    {
      "timestamp": "2025-03-01T09:33:20.445484+00:00",
      "side": "BUY",
      "price": 586.1,
      "quantity": 18,
      "order_type": "LIMIT"
    },
    {
      "timestamp": "2025-03-01T09:33:20.657598+00:00",
      "side": "SELL",
      "price": 586.66,
      "quantity": 6,
      "order_type": "LIMIT"
    },
    {
      "timestamp": "2025-03-01T09:33:20.714466+00:00",
      "side": "BUY",
      "price": 586.35,
      "quantity": 100,
      "order_type": "LIMIT"
    },
    {
      "timestamp": "2025-03-01T09:33:20.721363+00:00",
      "side": "BUY",
      "price": 586.18,
      "quantity": 100,
      "order_type": "LIMIT"
    },
    {
      "timestamp": "2025-03-01T09:33:20.865039+00:00",
      "side": "BUY",
      "price": 586.18,
      "quantity": 18,
      "order_type": "LIMIT"
    },
    {
      "timestamp": "2025-03-01T09:33:20.994606+00:00",
      "side": "BUY",
      "price": 586.24,
      "quantity": 18,
      "order_type": "LIMIT"
    },
    {
      "timestamp": "2025-03-01T09:33:21.127462+00:00",
      "side": "BUY",
      "price": 586.07,
      "quantity": 100,
      "order_type": "LIMIT"
    },
    {
      "timestamp": "2025-03-01T09:33:21.705753+00:00",
      "side": "BUY",
      "price": 586.32,
      "quantity": 18,
      "order_type": "LIMIT"
    },
    {
      "timestamp": "2025-03-01T09:33:22.208441+00:00",
      "side": "SELL",
      "price": 586.75,
      "quantity": 200,
      "order_type": "LIMIT"
    },
    {
      "timestamp": "2025-03-01T09:33:22.600051+00:00",
      "side": "BUY",
      "price": 586.31,
      "quantity": 100,
      "order_type": "LIMIT"
    },
    {
      "timestamp": "2025-03-01T09:33:22.826243+00:00",
      "side": "BUY",
      "price": 586.35,
      "quantity": 100,
      "order_type": "LIMIT"
    },
    {
      "timestamp": "2025-03-01T09:33:23.753556+00:00",
      "side": "BUY",
      "price": 586.34,
      "quantity": 300,
      "order_type": "LIMIT"
    },
    {
      "timestamp": "2025-03-01T09:33:28.212195+00:00",
      "side": "BUY",
      "price": 586.41,
      "quantity": 100,
      "order_type": "LIMIT"
    },
    {
      "timestamp": "2025-03-01T09:33:29.216781+00:00",
      "side": "BUY",
      "price": 586.71,
      "quantity": 100,
      "order_type": "LIMIT"
    },
    {
      "timestamp": "2025-03-01T09:33:29.329795+00:00",
      "side": "BUY",
      "price": 586.77,
      "quantity": 100,
      "order_type": "LIMIT"
    },
    {
      "timestamp": "2025-03-01T09:33:30.019696+00:00",
      "side": "SELL",
      "price": 586.85,
      "quantity": 100,
      "order_type": "LIMIT"
    },
    {
      "timestamp": "2025-03-01T09:33:30.600669+00:00",
      "side": "SELL",
      "price": 586.88,
      "quantity": 200,
      "order_type": "LIMIT"
    },
    {
      "timestamp": "2025-03-01T09:33:30.643117+00:00",
      "side": "SELL",
      "price": 586.89,
      "quantity": 100,
      "order_type": "LIMIT"
    },
    {
      "timestamp": "2025-03-01T09:33:30.760932+00:00",
      "side": "SELL",
      "price": 587.0,
      "quantity": 100,
      "order_type": "LIMIT"
    },
    {
      "timestamp": "2025-03-01T09:33:30.813873+00:00",
      "side": "SELL",
      "price": 587.01,
      "quantity": 100,
      "order_type": "LIMIT"
    },
    {
      "timestamp": "2025-03-01T09:33:31.572497+00:00",
      "side": "SELL",
      "price": 587.05,
      "quantity": 200,
      "order_type": "LIMIT"
    },
    {
      "timestamp": "2025-03-01T09:33:31.927503+00:00",
      "side": "SELL",
      "price": 587.0,
      "quantity": 300,
      "order_type": "LIMIT"
    },
    {
      "timestamp": "2025-03-01T09:33:32.716747+00:00",
      "side": "BUY",
      "price": 586.83,
      "quantity": 18,
      "order_type": "LIMIT"
    },
    {
      "timestamp": "2025-03-01T09:33:32.811362+00:00",
      "side": "SELL",
      "price": 587.17,
      "quantity": 200,
      "order_type": "LIMIT"
    },
    {
      "timestamp": "2025-03-01T09:33:33.174210+00:00",
      "side": "SELL",
      "price": 587.18,
      "quantity": 4,
      "order_type": "LIMIT"
    },
    {
      "timestamp": "2025-03-01T09:33:33.399710+00:00",
      "side": "SELL",
      "price": 587.09,
      "quantity": 200,
      "order_type": "LIMIT"
    },
    {
      "timestamp": "2025-03-01T09:33:33.990458+00:00",
      "side": "BUY",
      "price": 586.79,
      "quantity": 18,
      "order_type": "LIMIT"
    },
    {
      "timestamp": "2025-03-01T09:33:34.982742+00:00",
      "side": "SELL",
      "price": 587.12,
      "quantity": 67,
      "order_type": "LIMIT"
    },
    {
      "timestamp": "2025-03-01T09:33:35.990090+00:00",
      "side": "BUY",
      "price": 586.79,
      "quantity": 18,
      "order_type": "LIMIT"
    },
    {
      "timestamp": "2025-03-01T09:33:36.616518+00:00",
      "side": "BUY",
      "price": 586.76,
      "quantity": 18,
      "order_type": "LIMIT"
    },
    {
      "timestamp": "2025-03-01T09:33:37.349289+00:00",
      "side": "BUY",
      "price": 586.86,
      "quantity": 18,
      "order_type": "LIMIT"
    },
    {
      "timestamp": "2025-03-01T09:33:39.575020+00:00",
      "side": "BUY",
      "price": 585.98,
      "quantity": 100,
      "order_type": "LIMIT"
    },
    {
      "timestamp": "2025-03-01T09:33:39.598340+00:00",
      "side": "BUY",
      "price": 586.61,
      "quantity": 100,
      "order_type": "LIMIT"
    },
    {
      "timestamp": "2025-03-01T09:33:39.612431+00:00",
      "side": "BUY",
      "price": 585.44,
      "quantity": 100,
      "order_type": "LIMIT"
    },
    {
      "timestamp": "2025-03-01T09:33:39.644552+00:00",
      "side": "BUY",
      "price": 586.3,
      "quantity": 200,
      "order_type": "LIMIT"
    },
    {
      "timestamp": "2025-03-01T09:33:39.658310+00:00",
      "side": "SELL",
      "price": 586.76,
      "quantity": 60,
      "order_type": "LIMIT"
    },
    {
      "timestamp": "2025-03-01T09:33:39.670926+00:00",
      "side": "BUY",
      "price": 586.25,
      "quantity": 200,
      "order_type": "LIMIT"
    },
    {
      "timestamp": "2025-03-01T09:33:39.699129+00:00",
      "side": "BUY",
      "price": 586.18,
      "quantity": 200,
      "order_type": "LIMIT"
    },
    {
      "timestamp": "2025-03-01T09:33:39.730595+00:00",
      "side": "SELL",
      "price": 586.31,
      "quantity": 100,
      "order_type": "LIMIT"
    },
    {
      "timestamp": "2025-03-01T09:33:39.759810+00:00",
      "side": "BUY",
      "price": 586.13,
      "quantity": 14,
      "order_type": "LIMIT"
    },
    {
      "timestamp": "2025-03-01T09:33:39.864791+00:00",
      "side": "BUY",
      "price": 585.15,
      "quantity": 100,
      "order_type": "LIMIT"
    },
    {
      "timestamp": "2025-03-01T09:33:40.041055+00:00",
      "side": "BUY",
      "price": 585.02,
      "quantity": 100,
      "order_type": "LIMIT"
    },
    {
      "timestamp": "2025-03-01T09:33:40.165127+00:00",
      "side": "BUY",
      "price": 585.02,
      "quantity": 100,
      "order_type": "LIMIT"
    },
    {
      "timestamp": "2025-03-01T09:33:40.406048+00:00",
      "side": "SELL",
      "price": 587.48,
      "quantity": 100,
      "order_type": "LIMIT"
    },
    {
      "timestamp": "2025-03-01T09:33:40.542962+00:00",
      "side": "BUY",
      "price": 586.1,
      "quantity": 18,
      "order_type": "LIMIT"
    },
    {
      "timestamp": "2025-03-01T09:33:41.036686+00:00",
      "side": "BUY",
      "price": 586.01,
      "quantity": 18,
      "order_type": "LIMIT"
    },
    {
      "timestamp": "2025-03-01T09:33:41.630018+00:00",
      "side": "SELL",
      "price": 587.58,
      "quantity": 100,
      "order_type": "LIMIT"
    },
    {
      "timestamp": "2025-03-01T09:33:42.456743+00:00",
      "side": "SELL",
      "price": 587.09,
      "quantity": 5,
      "order_type": "LIMIT"
    },
    {
      "timestamp": "2025-03-01T09:33:43.391121+00:00",
      "side": "SELL",
      "price": 587.08,
      "quantity": 1,
      "order_type": "LIMIT"
    },
    {
      "timestamp": "2025-03-01T09:33:45.296006+00:00",
      "side": "BUY",
      "price": 586.12,
      "quantity": 200,
      "order_type": "LIMIT"
    },
    {
      "timestamp": "2025-03-01T09:33:45.309574+00:00",
      "side": "BUY",
      "price": 586.15,
      "quantity": 18,
      "order_type": "LIMIT"
    },
    {
      "timestamp": "2025-03-01T09:33:45.325597+00:00",
      "side": "BUY",
      "price": 586.19,
      "quantity": 200,
      "order_type": "LIMIT"
    },
    {
      "timestamp": "2025-03-01T09:33:45.667602+00:00",
      "side": "BUY",
      "price": 586.22,
      "quantity": 200,
      "order_type": "LIMIT"
    },
    {
      "timestamp": "2025-03-01T09:33:46.429831+00:00",
      "side": "BUY",
      "price": 586.18,
      "quantity": 18,
      "order_type": "LIMIT"
    },
    {
      "timestamp": "2025-03-01T09:33:46.996731+00:00",
      "side": "BUY",
      "price": 586.31,
      "quantity": 18,
      "order_type": "LIMIT"
    },
    {
      "timestamp": "2025-03-01T09:33:50.096134+00:00",
      "side": "BUY",
      "price": 586.18,
      "quantity": 100,
      "order_type": "LIMIT"
    },
    {
      "timestamp": "2025-03-01T09:33:51.069761+00:00",
      "side": "SELL",
      "price": 586.82,
      "quantity": 200,
      "order_type": "LIMIT"
    },
    {
      "timestamp": "2025-03-01T09:33:51.264355+00:00",
      "side": "BUY",
      "price": 586.38,
      "quantity": 100,
      "order_type": "LIMIT"
    },
    {
      "timestamp": "2025-03-01T09:33:51.854612+00:00",
      "side": "BUY",
      "price": 586.27,
      "quantity": 200,
      "order_type": "LIMIT"
    },
    {
      "timestamp": "2025-03-01T09:33:52.874935+00:00",
      "side": "BUY",
      "price": 585.85,
      "quantity": 100,
      "order_type": "LIMIT"
    },
    {
      "timestamp": "2025-03-01T09:33:55.252507+00:00",
      "side": "BUY",
      "price": 585.61,
      "quantity": 100,
      "order_type": "LIMIT"
    },
    {
      "timestamp": "2025-03-01T09:33:56.557431+00:00",
      "side": "BUY",
      "price": 586.65,
      "quantity": 100,
      "order_type": "LIMIT"
    },
    {
      "timestamp": "2025-03-01T09:33:57.258527+00:00",
      "side": "BUY",
      "price": 586.77,
      "quantity": 100,
      "order_type": "LIMIT"
    },
    {
      "timestamp": "2025-03-01T09:33:57.259954+00:00",
      "side": "BUY",
      "price": 586.81,
      "quantity": 100,
      "order_type": "LIMIT"
    },
    {
      "timestamp": "2025-03-01T09:33:57.451760+00:00",
      "side": "BUY",
      "price": 586.77,
      "quantity": 100,
      "order_type": "LIMIT"
    },
    {
      "timestamp": "2025-03-01T09:33:58.320676+00:00",
      "side": "BUY",
      "price": 586.72,
      "quantity": 100,
      "order_type": "LIMIT"
    },
    {
      "timestamp": "2025-03-01T09:33:58.797213+00:00",
      "side": "BUY",
      "price": 586.61,
      "quantity": 30,
      "order_type": "LIMIT"
    },
    {
      "timestamp": "2025-03-01T09:34:00.445619+00:00",
      "side": "SELL",
      "price": 586.97,
      "quantity": 100,
      "order_type": "LIMIT"
    },
    {
      "timestamp": "2025-03-01T09:34:00.496626+00:00",
      "side": "SELL",
      "price": 587.04,
      "quantity": 200,
      "order_type": "LIMIT"
    },
    {
      "timestamp": "2025-03-01T09:34:01.433170+00:00",
      "side": "BUY",
      "price": 586.79,
      "quantity": 100,
      "order_type": "LIMIT"
    },
    {
      "timestamp": "2025-03-01T09:34:01.522935+00:00",
      "side": "BUY",
      "price": 587.04,
      "quantity": 37,
      "order_type": "LIMIT"
    },
    {
      "timestamp": "2025-03-01T09:34:01.527083+00:00",
      "side": "SELL",
      "price": 587.17,
      "quantity": 200,
      "order_type": "LIMIT"
    },
    {
      "timestamp": "2025-03-01T09:34:01.560270+00:00",
      "side": "SELL",
      "price": 587.1,
      "quantity": 200,
      "order_type": "LIMIT"
    },
    {
      "timestamp": "2025-03-01T09:34:01.641203+00:00",
      "side": "SELL",
      "price": 587.1,
      "quantity": 200,
      "order_type": "LIMIT"
    },
    {
      "timestamp": "2025-03-01T09:34:01.715543+00:00",
      "side": "BUY",
      "price": 586.9,
      "quantity": 100,
      "order_type": "LIMIT"
    },
    {
      "timestamp": "2025-03-01T09:34:01.749336+00:00",
      "side": "BUY",
      "price": 586.88,
      "quantity": 100,
      "order_type": "LIMIT"
    },
    {
      "timestamp": "2025-03-01T09:34:01.786332+00:00",
      "side": "BUY",
      "price": 586.79,
      "quantity": 100,
      "order_type": "LIMIT"
    },
    {
      "timestamp": "2025-03-01T09:34:01.849902+00:00",
      "side": "BUY",
      "price": 586.82,
      "quantity": 100,
      "order_type": "LIMIT"
    },
    {
      "timestamp": "2025-03-01T09:34:01.880447+00:00",
      "side": "SELL",
      "price": 587.17,
      "quantity": 200,
      "order_type": "LIMIT"
    },
    {
      "timestamp": "2025-03-01T09:34:01.951771+00:00",
      "side": "BUY",
      "price": 586.69,
      "quantity": 200,
      "order_type": "LIMIT"
    },
    {
      "timestamp": "2025-03-01T09:34:02.035204+00:00",
      "side": "SELL",
      "price": 587.21,
      "quantity": 100,
      "order_type": "LIMIT"
    },
    {
      "timestamp": "2025-03-01T09:34:02.136702+00:00",
      "side": "BUY",
      "price": 586.82,
      "quantity": 100,
      "order_type": "LIMIT"
    },
    {
      "timestamp": "2025-03-01T09:34:02.220499+00:00",
      "side": "SELL",
      "price": 587.21,
      "quantity": 100,
      "order_type": "LIMIT"
    },
    {
      "timestamp": "2025-03-01T09:34:02.286174+00:00",
      "side": "SELL",
      "price": 587.17,
      "quantity": 100,
      "order_type": "LIMIT"
    },
    {
      "timestamp": "2025-03-01T09:34:02.360317+00:00",
      "side": "BUY",
      "price": 586.83,
      "quantity": 100,
      "order_type": "LIMIT"
    },
    {
      "timestamp": "2025-03-01T09:34:02.438653+00:00",
      "side": "SELL",
      "price": 587.21,
      "quantity": 100,
      "order_type": "LIMIT"
    },
    {
      "timestamp": "2025-03-01T09:34:02.655785+00:00",
      "side": "SELL",
      "price": 587.14,
      "quantity": 100,
      "order_type": "LIMIT"
    },
    {
      "timestamp": "2025-03-01T09:34:02.860305+00:00",
      "side": "SELL",
      "price": 587.1,
      "quantity": 100,
      "order_type": "LIMIT"
    },
    {
      "timestamp": "2025-03-01T09:34:03.427818+00:00",
      "side": "SELL",
      "price": 587.12,
      "quantity": 100,
      "order_type": "LIMIT"
    },
    {
      "timestamp": "2025-03-01T09:34:03.579687+00:00",
      "side": "BUY",
      "price": 586.77,
      "quantity": 18,
      "order_type": "LIMIT"
    },
    {
      "timestamp": "2025-03-01T09:34:03.668605+00:00",
      "side": "SELL",
      "price": 587.18,
      "quantity": 100,
      "order_type": "LIMIT"
    },
    {
      "timestamp": "2025-03-01T09:34:03.788811+00:00",
      "side": "SELL",
      "price": 587.09,
      "quantity": 100,
      "order_type": "LIMIT"
    },
    {
      "timestamp": "2025-03-01T09:34:04.143357+00:00",
      "side": "BUY",
      "price": 586.84,
      "quantity": 18,
      "order_type": "LIMIT"
    },
    {
      "timestamp": "2025-03-01T09:34:04.990144+00:00",
      "side": "BUY",
      "price": 587.11,
      "quantity": 100,
      "order_type": "LIMIT"
    },
    {
      "timestamp": "2025-03-01T09:34:05.549200+00:00",
      "side": "BUY",
      "price": 586.3,
      "quantity": 100,
      "order_type": "LIMIT"
    },
    {
      "timestamp": "2025-03-01T09:34:07.623388+00:00",
      "side": "BUY",
      "price": 586.86,
      "quantity": 25,
      "order_type": "LIMIT"
    },
    {
      "timestamp": "2025-03-01T09:34:07.983269+00:00",
      "side": "SELL",
      "price": 587.42,
      "quantity": 100,
      "order_type": "LIMIT"
    },
    {
      "timestamp": "2025-03-01T09:34:08.756353+00:00",
      "side": "SELL",
      "price": 587.4,
      "quantity": 5,
      "order_type": "LIMIT"
    },
    {
      "timestamp": "2025-03-01T09:34:10.233893+00:00",
      "side": "SELL",
      "price": 587.39,
      "quantity": 100,
      "order_type": "LIMIT"
    },
    {
      "timestamp": "2025-03-01T09:34:10.657644+00:00",
      "side": "BUY",
      "price": 587.13,
      "quantity": 18,
      "order_type": "LIMIT"
    },
    {
      "timestamp": "2025-03-01T09:34:11.271646+00:00",
      "side": "SELL",
      "price": 587.45,
      "quantity": 100,
      "order_type": "LIMIT"
    },
    {
      "timestamp": "2025-03-01T09:34:11.779111+00:00",
      "side": "BUY",
      "price": 587.22,
      "quantity": 18,
      "order_type": "LIMIT"
    },
    {
      "timestamp": "2025-03-01T09:34:13.204226+00:00",
      "side": "SELL",
      "price": 587.38,
      "quantity": 100,
      "order_type": "LIMIT"
    },
    {
      "timestamp": "2025-03-01T09:34:14.603333+00:00",
      "side": "BUY",
      "price": 587.3,
      "quantity": 18,
      "order_type": "LIMIT"
    },
    {
      "timestamp": "2025-03-01T09:34:14.980063+00:00",
      "side": "BUY",
      "price": 587.22,
      "quantity": 18,
      "order_type": "LIMIT"
    },
    {
      "timestamp": "2025-03-01T09:34:16.595362+00:00",
      "side": "BUY",
      "price": 587.31,
      "quantity": 18,
      "order_type": "LIMIT"
    },
    {
      "timestamp": "2025-03-01T09:34:17.352819+00:00",
      "side": "BUY",
      "price": 587.32,
      "quantity": 18,
      "order_type": "LIMIT"
    },
    {
      "timestamp": "2025-03-01T09:34:17.469411+00:00",
      "side": "SELL",
      "price": 587.58,
      "quantity": 21,
      "order_type": "LIMIT"
    },
    {
      "timestamp": "2025-03-01T09:34:18.127458+00:00",
      "side": "BUY",
      "price": 587.52,
      "quantity": 100,
      "order_type": "LIMIT"
    },
    {
      "timestamp": "2025-03-01T09:34:18.917223+00:00",
      "side": "BUY",
      "price": 587.59,
      "quantity": 18,
      "order_type": "LIMIT"
    },
    {
      "timestamp": "2025-03-01T09:34:20.118831+00:00",
      "side": "BUY",
      "price": 587.54,
      "quantity": 18,
      "order_type": "LIMIT"
    },
    {
      "timestamp": "2025-03-01T09:34:21.261267+00:00",
      "side": "BUY",
      "price": 587.53,
      "quantity": 18,
      "order_type": "LIMIT"
    },
    {
      "timestamp": "2025-03-01T09:34:22.793429+00:00",
      "side": "SELL",
      "price": 588.0,
      "quantity": 750,
      "order_type": "LIMIT"
    },
    {
      "timestamp": "2025-03-01T09:34:25.210258+00:00",
      "side": "SELL",
      "price": 587.73,
      "quantity": 12,
      "order_type": "LIMIT"
    },
    {
      "timestamp": "2025-03-01T09:34:26.478783+00:00",
      "side": "BUY",
      "price": 587.3,
      "quantity": 200,
      "order_type": "LIMIT"
    },
    {
      "timestamp": "2025-03-01T09:34:26.683976+00:00",
      "side": "BUY",
      "price": 587.31,
      "quantity": 200,
      "order_type": "LIMIT"
    },
    {
      "timestamp": "2025-03-01T09:34:27.370080+00:00",
      "side": "SELL",
      "price": 587.67,
      "quantity": 200,
      "order_type": "LIMIT"
    },
    {
      "timestamp": "2025-03-01T09:34:28.101128+00:00",
      "side": "BUY",
      "price": 587.28,
      "quantity": 100,
      "order_type": "LIMIT"
    },
    {
      "timestamp": "2025-03-01T09:34:28.125525+00:00",
      "side": "BUY",
      "price": 587.31,
      "quantity": 18,
      "order_type": "LIMIT"
    },
    {
      "timestamp": "2025-03-01T09:34:28.972776+00:00",
      "side": "BUY",
      "price": 587.26,
      "quantity": 100,
      "order_type": "LIMIT"
    },
    {
      "timestamp": "2025-03-01T09:34:29.745946+00:00",
      "side": "BUY",
      "price": 587.23,
      "quantity": 100,
      "order_type": "LIMIT"
    },
    {
      "timestamp": "2025-03-01T09:34:30.466371+00:00",
      "side": "BUY",
      "price": 587.24,
      "quantity": 18,
      "order_type": "LIMIT"
    },
    {
      "timestamp": "2025-03-01T09:34:32.048516+00:00",
      "side": "BUY",
      "price": 587.23,
      "quantity": 18,
      "order_type": "LIMIT"
    },
    {
      "timestamp": "2025-03-01T09:34:32.371910+00:00",
      "side": "BUY",
      "price": 587.01,
      "quantity": 100,
      "order_type": "LIMIT"
    },
    {
      "timestamp": "2025-03-01T09:34:36.356883+00:00",
      "side": "BUY",
      "price": 587.06,
      "quantity": 100,
      "order_type": "LIMIT"
    },
    {
      "timestamp": "2025-03-01T09:34:36.409953+00:00",
      "side": "SELL",
      "price": 587.47,
      "quantity": 100,
      "order_type": "LIMIT"
    },
    {
      "timestamp": "2025-03-01T09:34:36.595727+00:00",
      "side": "BUY",
      "price": 587.16,
      "quantity": 18,
      "order_type": "LIMIT"
    },
    {
      "timestamp": "2025-03-01T09:34:37.796221+00:00",
      "side": "BUY",
      "price": 587.0,
      "quantity": 100,
      "order_type": "LIMIT"
    },
    {
      "timestamp": "2025-03-01T09:34:37.877851+00:00",
      "side": "BUY",
      "price": 587.13,
      "quantity": 18,
      "order_type": "LIMIT"
    },
    {
      "timestamp": "2025-03-01T09:34:38.862160+00:00",
      "side": "BUY",
      "price": 587.13,
      "quantity": 18,
      "order_type": "LIMIT"
    },
    {
      "timestamp": "2025-03-01T09:34:41.449461+00:00",
      "side": "BUY",
      "price": 587.18,
      "quantity": 18,
      "order_type": "LIMIT"
    },
    {
      "timestamp": "2025-03-01T09:34:41.999203+00:00",
      "side": "BUY",
      "price": 587.13,
      "quantity": 100,
      "order_type": "LIMIT"
    },
    {
      "timestamp": "2025-03-01T09:34:42.632827+00:00",
      "side": "BUY",
      "price": 587.04,
      "quantity": 200,
      "order_type": "LIMIT"
    },
    {
      "timestamp": "2025-03-01T09:34:44.782859+00:00",
      "side": "BUY",
      "price": 587.05,
      "quantity": 100,
      "order_type": "LIMIT"
    },
    {
      "timestamp": "2025-03-01T09:34:46.553070+00:00",
      "side": "SELL",
      "price": 587.37,
      "quantity": 200,
      "order_type": "LIMIT"
    },
    {
      "timestamp": "2025-03-01T09:34:49.339102+00:00",
      "side": "BUY",
      "price": 586.99,
      "quantity": 100,
      "order_type": "LIMIT"
    },
    {
      "timestamp": "2025-03-01T09:34:50.653971+00:00",
      "side": "SELL",
      "price": 587.15,
      "quantity": 2,
      "order_type": "LIMIT"
    },
    {
      "timestamp": "2025-03-01T09:34:51.352149+00:00",
      "side": "BUY",
      "price": 587.07,
      "quantity": 18,
      "order_type": "LIMIT"
    },
    {
      "timestamp": "2025-03-01T09:34:51.404706+00:00",
      "side": "SELL",
      "price": 587.3,
      "quantity": 5,
      "order_type": "LIMIT"
    },
    {
      "timestamp": "2025-03-01T09:34:52.965973+00:00",
      "side": "BUY",
      "price": 587.08,
      "quantity": 200,
      "order_type": "LIMIT"
    },
    {
      "timestamp": "2025-03-01T09:34:55.242603+00:00",
      "side": "SELL",
      "price": 587.47,
      "quantity": 150,
      "order_type": "LIMIT"
    },
    {
      "timestamp": "2025-03-01T09:34:57.877356+00:00",
      "side": "SELL",
      "price": 587.55,
      "quantity": 20,
      "order_type": "LIMIT"
    },
    {
      "timestamp": "2025-03-01T09:35:00.534674+00:00",
      "side": "BUY",
      "price": 587.0,
      "quantity": 100,
      "order_type": "LIMIT"
    },
    {
      "timestamp": "2025-03-01T09:35:03.520531+00:00",
      "side": "BUY",
      "price": 587.2,
      "quantity": 20,
      "order_type": "LIMIT"
    },
    {
      "timestamp": "2025-03-01T09:35:05.921674+00:00",
      "side": "BUY",
      "price": 586.94,
      "quantity": 100,
      "order_type": "LIMIT"
    },
    {
      "timestamp": "2025-03-01T09:35:06.482091+00:00",
      "side": "SELL",
      "price": 587.17,
      "quantity": 100,
      "order_type": "LIMIT"
    },
    {
      "timestamp": "2025-03-01T09:35:08.766940+00:00",
      "side": "SELL",
      "price": 587.07,
      "quantity": 100,
      "order_type": "LIMIT"
    },
    {
      "timestamp": "2025-03-01T09:35:08.802697+00:00",
      "side": "BUY",
      "price": 586.69,
      "quantity": 200,
      "order_type": "LIMIT"
    },
    {
      "timestamp": "2025-03-01T09:35:10.371695+00:00",
      "side": "SELL",
      "price": 587.77,
      "quantity": 400,
      "order_type": "LIMIT"
    },
    {
      "timestamp": "2025-03-01T09:35:14.412981+00:00",
      "side": "BUY",
      "price": 586.8,
      "quantity": 200,
      "order_type": "LIMIT"
    },
    {
      "timestamp": "2025-03-01T09:35:16.856015+00:00",
      "side": "BUY",
      "price": 586.75,
      "quantity": 200,
      "order_type": "LIMIT"
    },
    {
      "timestamp": "2025-03-01T09:35:22.604041+00:00",
      "side": "SELL",
      "price": 586.89,
      "quantity": 100,
      "order_type": "LIMIT"
    },
    {
      "timestamp": "2025-03-01T09:35:25.352290+00:00",
      "side": "SELL",
      "price": 587.12,
      "quantity": 200,
      "order_type": "LIMIT"
    },
    {
      "timestamp": "2025-03-01T09:35:26.527485+00:00",
      "side": "BUY",
      "price": 586.81,
      "quantity": 1,
      "order_type": "LIMIT"
    },
    {
      "timestamp": "2025-03-01T09:35:26.875164+00:00",
      "side": "BUY",
      "price": 586.61,
      "quantity": 100,
      "order_type": "LIMIT"
    },
    {
      "timestamp": "2025-03-01T09:35:28.855300+00:00",
      "side": "BUY",
      "price": 586.63,
      "quantity": 18,
      "order_type": "LIMIT"
    },
    {
      "timestamp": "2025-03-01T09:35:30.323072+00:00",
      "side": "BUY",
      "price": 586.62,
      "quantity": 18,
      "order_type": "LIMIT"
    },
    {
      "timestamp": "2025-03-01T09:35:30.918612+00:00",
      "side": "SELL",
      "price": 586.95,
      "quantity": 100,
      "order_type": "LIMIT"
    },
    {
      "timestamp": "2025-03-01T09:35:31.254454+00:00",
      "side": "BUY",
      "price": 586.47,
      "quantity": 100,
      "order_type": "LIMIT"
    },
    {
      "timestamp": "2025-03-01T09:35:33.913461+00:00",
      "side": "SELL",
      "price": 586.91,
      "quantity": 100,
      "order_type": "LIMIT"
    },
    {
      "timestamp": "2025-03-01T09:35:40.556273+00:00",
      "side": "SELL",
      "price": 586.89,
      "quantity": 100,
      "order_type": "LIMIT"
    },
    {
      "timestamp": "2025-03-01T09:35:43.495141+00:00",
      "side": "BUY",
      "price": 586.44,
      "quantity": 100,
      "order_type": "LIMIT"
    },
    {
      "timestamp": "2025-03-01T09:35:45.438905+00:00",
      "side": "SELL",
      "price": 586.53,
      "quantity": 300,
      "order_type": "LIMIT"
    },
    {
      "timestamp": "2025-03-01T09:35:46.408815+00:00",
      "side": "BUY",
      "price": 586.5,
      "quantity": 18,
      "order_type": "LIMIT"
    },
    {
      "timestamp": "2025-03-01T09:35:47.554000+00:00",
      "side": "BUY",
      "price": 586.53,
      "quantity": 18,
      "order_type": "LIMIT"
    },
    {
      "timestamp": "2025-03-01T09:35:51.571735+00:00",
      "side": "BUY",
      "price": 586.42,
      "quantity": 100,
      "order_type": "LIMIT"
    },
    {
      "timestamp": "2025-03-01T09:35:55.165013+00:00",
      "side": "BUY",
      "price": 586.54,
      "quantity": 18,
      "order_type": "LIMIT"
    },
    {
      "timestamp": "2025-03-01T09:35:58.358765+00:00",
      "side": "BUY",
      "price": 586.35,
      "quantity": 200,
      "order_type": "LIMIT"
    },
    {
      "timestamp": "2025-03-01T09:35:59.241833+00:00",
      "side": "BUY",
      "price": 586.44,
      "quantity": 12,
      "order_type": "LIMIT"
    },
    {
      "timestamp": "2025-03-01T09:36:01.185732+00:00",
      "side": "BUY",
      "price": 586.44,
      "quantity": 12,
      "order_type": "LIMIT"
    },
    {
      "timestamp": "2025-03-01T09:36:03.852482+00:00",
      "side": "SELL",
      "price": 587.32,
      "quantity": 100,
      "order_type": "LIMIT"
    },
    {
      "timestamp": "2025-03-01T09:36:05.296677+00:00",
      "side": "BUY",
      "price": 586.47,
      "quantity": 200,
      "order_type": "LIMIT"
    },
    {
      "timestamp": "2025-03-01T09:36:06.217899+00:00",
      "side": "BUY",
      "price": 586.44,
      "quantity": 200,
      "order_type": "LIMIT"
    },
    {
      "timestamp": "2025-03-01T09:36:08.532813+00:00",
      "side": "BUY",
      "price": 586.51,
      "quantity": 18,
      "order_type": "LIMIT"
    },
    {
      "timestamp": "2025-03-01T09:36:13.374895+00:00",
      "side": "SELL",
      "price": 586.75,
      "quantity": 100,
      "order_type": "LIMIT"
    },
    {
      "timestamp": "2025-03-01T09:36:16.970918+00:00",
      "side": "BUY",
      "price": 586.58,
      "quantity": 16,
      "order_type": "LIMIT"
    },
    {
      "timestamp": "2025-03-01T09:36:17.175753+00:00",
      "side": "BUY",
      "price": 586.59,
      "quantity": 18,
      "order_type": "LIMIT"
    },
    {
      "timestamp": "2025-03-01T09:36:17.198267+00:00",
      "side": "BUY",
      "price": 586.67,
      "quantity": 18,
      "order_type": "LIMIT"
    },
    {
      "timestamp": "2025-03-01T09:36:17.270947+00:00",
      "side": "BUY",
      "price": 586.6,
      "quantity": 100,
      "order_type": "LIMIT"
    },
    {
      "timestamp": "2025-03-01T09:36:18.220032+00:00",
      "side": "BUY",
      "price": 586.55,
      "quantity": 18,
      "order_type": "LIMIT"
    },
    {
      "timestamp": "2025-03-01T09:36:18.389567+00:00",
      "side": "BUY",
      "price": 586.56,
      "quantity": 18,
      "order_type": "LIMIT"
    },
    {
      "timestamp": "2025-03-01T09:36:18.398634+00:00",
      "side": "BUY",
      "price": 586.67,
      "quantity": 6,
      "order_type": "LIMIT"
    },
    {
      "timestamp": "2025-03-01T09:36:18.841176+00:00",
      "side": "SELL",
      "price": 586.91,
      "quantity": 200,
      "order_type": "LIMIT"
    },
    {
      "timestamp": "2025-03-01T09:36:18.998709+00:00",
      "side": "SELL",
      "price": 586.91,
      "quantity": 200,
      "order_type": "LIMIT"
    },
    {
      "timestamp": "2025-03-01T09:36:19.286726+00:00",
      "side": "SELL",
      "price": 586.91,
      "quantity": 200,
      "order_type": "LIMIT"
    },
    {
      "timestamp": "2025-03-01T09:36:19.472604+00:00",
      "side": "BUY",
      "price": 586.54,
      "quantity": 18,
      "order_type": "LIMIT"
    },
    {
      "timestamp": "2025-03-01T09:36:19.874949+00:00",
      "side": "BUY",
      "price": 586.58,
      "quantity": 18,
      "order_type": "LIMIT"
    },
    {
      "timestamp": "2025-03-01T09:36:21.139985+00:00",
      "side": "BUY",
      "price": 586.55,
      "quantity": 18,
      "order_type": "LIMIT"
    },
    {
      "timestamp": "2025-03-01T09:36:21.660684+00:00",
      "side": "SELL",
      "price": 586.97,
      "quantity": 200,
      "order_type": "LIMIT"
    },
    {
      "timestamp": "2025-03-01T09:36:21.909452+00:00",
      "side": "BUY",
      "price": 586.76,
      "quantity": 18,
      "order_type": "LIMIT"
    },
    {
      "timestamp": "2025-03-01T09:36:23.780450+00:00",
      "side": "BUY",
      "price": 586.81,
      "quantity": 18,
      "order_type": "LIMIT"
    },
    {
      "timestamp": "2025-03-01T09:36:24.069300+00:00",
      "side": "BUY",
      "price": 586.84,
      "quantity": 18,
      "order_type": "LIMIT"
    },
    {
      "timestamp": "2025-03-01T09:36:24.118564+00:00",
      "side": "BUY",
      "price": 586.89,
      "quantity": 300,
      "order_type": "LIMIT"
    },
    {
      "timestamp": "2025-03-01T09:36:24.253319+00:00",
      "side": "SELL",
      "price": 587.2,
      "quantity": 100,
      "order_type": "LIMIT"
    },
    {
      "timestamp": "2025-03-01T09:36:25.087456+00:00",
      "side": "SELL",
      "price": 587.38,
      "quantity": 100,
      "order_type": "LIMIT"
    },
    {
      "timestamp": "2025-03-01T09:36:25.169421+00:00",
      "side": "SELL",
      "price": 587.42,
      "quantity": 100,
      "order_type": "LIMIT"
    },
    {
      "timestamp": "2025-03-01T09:36:25.518495+00:00",
      "side": "SELL",
      "price": 587.42,
      "quantity": 200,
      "order_type": "LIMIT"
    },
    {
      "timestamp": "2025-03-01T09:36:26.313835+00:00",
      "side": "SELL",
      "price": 587.44,
      "quantity": 100,
      "order_type": "LIMIT"
    },
    {
      "timestamp": "2025-03-01T09:36:28.197424+00:00",
      "side": "SELL",
      "price": 587.38,
      "quantity": 100,
      "order_type": "LIMIT"
    },
    {
      "timestamp": "2025-03-01T09:36:29.094754+00:00",
      "side": "BUY",
      "price": 587.05,
      "quantity": 3,
      "order_type": "LIMIT"
    },
    {
      "timestamp": "2025-03-01T09:36:30.619822+00:00",
      "side": "SELL",
      "price": 587.44,
      "quantity": 200,
      "order_type": "LIMIT"
    },
    {
      "timestamp": "2025-03-01T09:36:31.144898+00:00",
      "side": "BUY",
      "price": 587.07,
      "quantity": 18,
      "order_type": "LIMIT"
    },
    {
      "timestamp": "2025-03-01T09:36:34.524606+00:00",
      "side": "SELL",
      "price": 587.47,
      "quantity": 200,
      "order_type": "LIMIT"
    },
    {
      "timestamp": "2025-03-01T09:36:35.136426+00:00",
      "side": "SELL",
      "price": 587.44,
      "quantity": 200,
      "order_type": "LIMIT"
    },
    {
      "timestamp": "2025-03-01T09:36:35.327724+00:00",
      "side": "SELL",
      "price": 587.42,
      "quantity": 200,
      "order_type": "LIMIT"
    },
    {
      "timestamp": "2025-03-01T09:36:35.517774+00:00",
      "side": "SELL",
      "price": 587.42,
      "quantity": 200,
      "order_type": "LIMIT"
    },
    {
      "timestamp": "2025-03-01T09:36:35.614658+00:00",
      "side": "BUY",
      "price": 587.14,
      "quantity": 18,
      "order_type": "LIMIT"
    },
    {
      "timestamp": "2025-03-01T09:36:35.764764+00:00",
      "side": "SELL",
      "price": 587.42,
      "quantity": 200,
      "order_type": "LIMIT"
    },
    {
      "timestamp": "2025-03-01T09:36:35.890326+00:00",
      "side": "SELL",
      "price": 587.44,
      "quantity": 200,
      "order_type": "LIMIT"
    },
    {
      "timestamp": "2025-03-01T09:36:36.049203+00:00",
      "side": "SELL",
      "price": 587.44,
      "quantity": 200,
      "order_type": "LIMIT"
    },
    {
      "timestamp": "2025-03-01T09:36:36.298830+00:00",
      "side": "SELL",
      "price": 587.42,
      "quantity": 200,
      "order_type": "LIMIT"
    },
    {
      "timestamp": "2025-03-01T09:36:36.458949+00:00",
      "side": "SELL",
      "price": 587.42,
      "quantity": 200,
      "order_type": "LIMIT"
    },
    {
      "timestamp": "2025-03-01T09:36:36.564189+00:00",
      "side": "SELL",
      "price": 587.42,
      "quantity": 200,
      "order_type": "LIMIT"
    },
    {
      "timestamp": "2025-03-01T09:36:36.661063+00:00",
      "side": "BUY",
      "price": 587.14,
      "quantity": 18,
      "order_type": "LIMIT"
    },
    {
      "timestamp": "2025-03-01T09:36:36.809937+00:00",
      "side": "BUY",
      "price": 587.15,
      "quantity": 18,
      "order_type": "LIMIT"
    },
    {
      "timestamp": "2025-03-01T09:36:36.915894+00:00",
      "side": "SELL",
      "price": 587.42,
      "quantity": 200,
      "order_type": "LIMIT"
    },
    {
      "timestamp": "2025-03-01T09:36:37.076631+00:00",
      "side": "SELL",
      "price": 587.47,
      "quantity": 100,
      "order_type": "LIMIT"
    },
    {
      "timestamp": "2025-03-01T09:36:38.487033+00:00",
      "side": "SELL",
      "price": 587.52,
      "quantity": 100,
      "order_type": "LIMIT"
    },
    {
      "timestamp": "2025-03-01T09:36:39.865736+00:00",
      "side": "BUY",
      "price": 586.99,
      "quantity": 18,
      "order_type": "LIMIT"
    },
    {
      "timestamp": "2025-03-01T09:36:40.426129+00:00",
      "side": "SELL",
      "price": 587.39,
      "quantity": 2,
      "order_type": "LIMIT"
    },
    {
      "timestamp": "2025-03-01T09:36:41.152434+00:00",
      "side": "BUY",
      "price": 586.97,
      "quantity": 100,
      "order_type": "LIMIT"
    },
    {
      "timestamp": "2025-03-01T09:36:42.004237+00:00",
      "side": "BUY",
      "price": 587.02,
      "quantity": 18,
      "order_type": "LIMIT"
    },
    {
      "timestamp": "2025-03-01T09:36:43.177141+00:00",
      "side": "BUY",
      "price": 586.86,
      "quantity": 200,
      "order_type": "LIMIT"
    },
    {
      "timestamp": "2025-03-01T09:36:44.054192+00:00",
      "side": "BUY",
      "price": 586.89,
      "quantity": 18,
      "order_type": "LIMIT"
    },
    {
      "timestamp": "2025-03-01T09:36:44.295183+00:00",
      "side": "BUY",
      "price": 586.93,
      "quantity": 18,
      "order_type": "LIMIT"
    },
    {
      "timestamp": "2025-03-01T09:36:45.587351+00:00",
      "side": "BUY",
      "price": 586.92,
      "quantity": 18,
      "order_type": "LIMIT"
    },
    {
      "timestamp": "2025-03-01T09:36:45.862489+00:00",
      "side": "BUY",
      "price": 587.02,
      "quantity": 18,
      "order_type": "LIMIT"
    },
    {
      "timestamp": "2025-03-01T09:36:49.145970+00:00",
      "side": "BUY",
      "price": 586.68,
      "quantity": 18,
      "order_type": "LIMIT"
    },
    {
      "timestamp": "2025-03-01T09:36:49.807313+00:00",
      "side": "SELL",
      "price": 587.39,
      "quantity": 100,
      "order_type": "LIMIT"
    },
    {
      "timestamp": "2025-03-01T09:36:50.202273+00:00",
      "side": "BUY",
      "price": 587.07,
      "quantity": 18,
      "order_type": "LIMIT"
    },
    {
      "timestamp": "2025-03-01T09:36:50.702969+00:00",
      "side": "BUY",
      "price": 587.23,
      "quantity": 100,
      "order_type": "LIMIT"
    },
    {
      "timestamp": "2025-03-01T09:36:52.712005+00:00",
      "side": "BUY",
      "price": 587.2,
      "quantity": 100,
      "order_type": "LIMIT"
    },
    {
      "timestamp": "2025-03-01T09:36:53.079870+00:00",
      "side": "BUY",
      "price": 587.17,
      "quantity": 100,
      "order_type": "LIMIT"
    },
    {
      "timestamp": "2025-03-01T09:36:53.167143+00:00",
      "side": "SELL",
      "price": 587.52,
      "quantity": 100,
      "order_type": "LIMIT"
    },
    {
      "timestamp": "2025-03-01T09:36:53.822416+00:00",
      "side": "BUY",
      "price": 587.3,
      "quantity": 100,
      "order_type": "LIMIT"
    },
    {
      "timestamp": "2025-03-01T09:36:54.046344+00:00",
      "side": "SELL",
      "price": 587.49,
      "quantity": 100,
      "order_type": "LIMIT"
    },
    {
      "timestamp": "2025-03-01T09:36:54.478515+00:00",
      "side": "BUY",
      "price": 587.3,
      "quantity": 100,
      "order_type": "LIMIT"
    },
    {
      "timestamp": "2025-03-01T09:36:54.868968+00:00",
      "side": "SELL",
      "price": 587.49,
      "quantity": 100,
      "order_type": "LIMIT"
    },
    {
      "timestamp": "2025-03-01T09:36:58.408310+00:00",
      "side": "SELL",
      "price": 587.73,
      "quantity": 100,
      "order_type": "LIMIT"
    },
    {
      "timestamp": "2025-03-01T09:36:59.206798+00:00",
      "side": "BUY",
      "price": 587.26,
      "quantity": 100,
      "order_type": "LIMIT"
    },
    {
      "timestamp": "2025-03-01T09:36:59.782696+00:00",
      "side": "BUY",
      "price": 587.46,
      "quantity": 100,
      "order_type": "LIMIT"
    },
    {
      "timestamp": "2025-03-01T09:37:01.437528+00:00",
      "side": "SELL",
      "price": 587.61,
      "quantity": 100,
      "order_type": "LIMIT"
    },
    {
      "timestamp": "2025-03-01T09:37:03.066162+00:00",
      "side": "SELL",
      "price": 587.63,
      "quantity": 100,
      "order_type": "LIMIT"
    },
    {
      "timestamp": "2025-03-01T09:37:04.073514+00:00",
      "side": "SELL",
      "price": 587.62,
      "quantity": 200,
      "order_type": "LIMIT"
    },
    {
      "timestamp": "2025-03-01T09:37:04.823065+00:00",
      "side": "SELL",
      "price": 587.63,
      "quantity": 200,
      "order_type": "LIMIT"
    },
    {
      "timestamp": "2025-03-01T09:37:04.877477+00:00",
      "side": "SELL",
      "price": 587.65,
      "quantity": 200,
      "order_type": "LIMIT"
    },
    {
      "timestamp": "2025-03-01T09:37:04.899330+00:00",
      "side": "SELL",
      "price": 587.65,
      "quantity": 200,
      "order_type": "LIMIT"
    },
    {
      "timestamp": "2025-03-01T09:37:04.920894+00:00",
      "side": "SELL",
      "price": 587.65,
      "quantity": 200,
      "order_type": "LIMIT"
    },
    {
      "timestamp": "2025-03-01T09:37:04.944836+00:00",
      "side": "SELL",
      "price": 587.65,
      "quantity": 200,
      "order_type": "LIMIT"
    },
    {
      "timestamp": "2025-03-01T09:37:04.965069+00:00",
      "side": "SELL",
      "price": 587.65,
      "quantity": 200,
      "order_type": "LIMIT"
    },
    {
      "timestamp": "2025-03-01T09:37:06.097368+00:00",
      "side": "BUY",
      "price": 587.27,
      "quantity": 200,
      "order_type": "LIMIT"
    },
    {
      "timestamp": "2025-03-01T09:37:09.029246+00:00",
      "side": "BUY",
      "price": 586.18,
      "quantity": 100,
      "order_type": "LIMIT"
    },
    {
      "timestamp": "2025-03-01T09:37:10.001656+00:00",
      "side": "SELL",
      "price": 587.26,
      "quantity": 22,
      "order_type": "LIMIT"
    },
    {
      "timestamp": "2025-03-01T09:37:11.431440+00:00",
      "side": "SELL",
      "price": 587.22,
      "quantity": 22,
      "order_type": "LIMIT"
    },
    {
      "timestamp": "2025-03-01T09:37:11.991001+00:00",
      "side": "SELL",
      "price": 587.22,
      "quantity": 22,
      "order_type": "LIMIT"
    },
    {
      "timestamp": "2025-03-01T09:37:14.144873+00:00",
      "side": "BUY",
      "price": 587.15,
      "quantity": 100,
      "order_type": "LIMIT"
    },
    {
      "timestamp": "2025-03-01T09:37:14.374525+00:00",
      "side": "SELL",
      "price": 587.4,
      "quantity": 200,
      "order_type": "LIMIT"
    },
    {
      "timestamp": "2025-03-01T09:37:14.446069+00:00",
      "side": "SELL",
      "price": 587.39,
      "quantity": 200,
      "order_type": "LIMIT"
    },
    {
      "timestamp": "2025-03-01T09:37:14.486161+00:00",
      "side": "SELL",
      "price": 587.43,
      "quantity": 200,
      "order_type": "LIMIT"
    },
    {
      "timestamp": "2025-03-01T09:37:14.551419+00:00",
      "side": "SELL",
      "price": 587.39,
      "quantity": 200,
      "order_type": "LIMIT"
    },
    {
      "timestamp": "2025-03-01T09:37:14.598161+00:00",
      "side": "SELL",
      "price": 587.39,
      "quantity": 200,
      "order_type": "LIMIT"
    },
    {
      "timestamp": "2025-03-01T09:37:14.642885+00:00",
      "side": "SELL",
      "price": 587.39,
      "quantity": 200,
      "order_type": "LIMIT"
    },
    {
      "timestamp": "2025-03-01T09:37:14.688945+00:00",
      "side": "SELL",
      "price": 587.39,
      "quantity": 200,
      "order_type": "LIMIT"
    },
    {
      "timestamp": "2025-03-01T09:37:14.734415+00:00",
      "side": "SELL",
      "price": 587.39,
      "quantity": 200,
      "order_type": "LIMIT"
    },
    {
      "timestamp": "2025-03-01T09:37:15.128174+00:00",
      "side": "SELL",
      "price": 587.4,
      "quantity": 100,
      "order_type": "LIMIT"
    },
    {
      "timestamp": "2025-03-01T09:37:19.938353+00:00",
      "side": "SELL",
      "price": 587.53,
      "quantity": 100,
      "order_type": "LIMIT"
    },
    {
      "timestamp": "2025-03-01T09:37:20.390461+00:00",
      "side": "BUY",
      "price": 587.14,
      "quantity": 100,
      "order_type": "LIMIT"
    },
    {
      "timestamp": "2025-03-01T09:37:21.880644+00:00",
      "side": "SELL",
      "price": 587.58,
      "quantity": 20,
      "order_type": "LIMIT"
    },
    {
      "timestamp": "2025-03-01T09:37:22.913020+00:00",
      "side": "BUY",
      "price": 587.1,
      "quantity": 18,
      "order_type": "LIMIT"
    },
    {
      "timestamp": "2025-03-01T09:37:23.346595+00:00",
      "side": "SELL",
      "price": 587.53,
      "quantity": 200,
      "order_type": "LIMIT"
    },
    {
      "timestamp": "2025-03-01T09:37:24.130533+00:00",
      "side": "BUY",
      "price": 587.08,
      "quantity": 18,
      "order_type": "LIMIT"
    },
    {
      "timestamp": "2025-03-01T09:37:26.043197+00:00",
      "side": "SELL",
      "price": 587.73,
      "quantity": 100,
      "order_type": "LIMIT"
    },
    {
      "timestamp": "2025-03-01T09:37:26.865736+00:00",
      "side": "SELL",
      "price": 587.43,
      "quantity": 200,
      "order_type": "LIMIT"
    },
    {
      "timestamp": "2025-03-01T09:37:27.048036+00:00",
      "side": "SELL",
      "price": 587.44,
      "quantity": 200,
      "order_type": "LIMIT"
    },
    {
      "timestamp": "2025-03-01T09:37:27.209120+00:00",
      "side": "SELL",
      "price": 587.44,
      "quantity": 200,
      "order_type": "LIMIT"
    },
    {
      "timestamp": "2025-03-01T09:37:27.369305+00:00",
      "side": "SELL",
      "price": 587.44,
      "quantity": 200,
      "order_type": "LIMIT"
    },
    {
      "timestamp": "2025-03-01T09:37:27.533707+00:00",
      "side": "SELL",
      "price": 587.44,
      "quantity": 200,
      "order_type": "LIMIT"
    },
    {
      "timestamp": "2025-03-01T09:37:27.941657+00:00",
      "side": "BUY",
      "price": 586.99,
      "quantity": 100,
      "order_type": "LIMIT"
    },
    {
      "timestamp": "2025-03-01T09:37:28.874402+00:00",
      "side": "BUY",
      "price": 587.06,
      "quantity": 18,
      "order_type": "LIMIT"
    },
    {
      "timestamp": "2025-03-01T09:37:30.334302+00:00",
      "side": "SELL",
      "price": 587.28,
      "quantity": 100,
      "order_type": "LIMIT"
    },
    {
      "timestamp": "2025-03-01T09:37:31.557099+00:00",
      "side": "SELL",
      "price": 587.24,
      "quantity": 100,
      "order_type": "LIMIT"
    },
    {
      "timestamp": "2025-03-01T09:37:32.616600+00:00",
      "side": "BUY",
      "price": 586.27,
      "quantity": 100,
      "order_type": "LIMIT"
    },
    {
      "timestamp": "2025-03-01T09:37:33.633643+00:00",
      "side": "SELL",
      "price": 587.34,
      "quantity": 96,
      "order_type": "LIMIT"
    },
    {
      "timestamp": "2025-03-01T09:37:34.376892+00:00",
      "side": "BUY",
      "price": 587.06,
      "quantity": 18,
      "order_type": "LIMIT"
    },
    {
      "timestamp": "2025-03-01T09:37:36.911703+00:00",
      "side": "BUY",
      "price": 587.07,
      "quantity": 18,
      "order_type": "LIMIT"
    },
    {
      "timestamp": "2025-03-01T09:37:38.753467+00:00",
      "side": "BUY",
      "price": 587.08,
      "quantity": 100,
      "order_type": "LIMIT"
    },
    {
      "timestamp": "2025-03-01T09:37:40.058195+00:00",
      "side": "BUY",
      "price": 587.13,
      "quantity": 200,
      "order_type": "LIMIT"
    },
    {
      "timestamp": "2025-03-01T09:37:40.678343+00:00",
      "side": "BUY",
      "price": 587.14,
      "quantity": 18,
      "order_type": "LIMIT"
    },
    {
      "timestamp": "2025-03-01T09:37:42.862678+00:00",
      "side": "SELL",
      "price": 587.32,
      "quantity": 100,
      "order_type": "LIMIT"
    },
    {
      "timestamp": "2025-03-01T09:37:44.287710+00:00",
      "side": "SELL",
      "price": 587.37,
      "quantity": 100,
      "order_type": "LIMIT"
    },
    {
      "timestamp": "2025-03-01T09:37:46.040110+00:00",
      "side": "BUY",
      "price": 587.18,
      "quantity": 18,
      "order_type": "LIMIT"
    },
    {
      "timestamp": "2025-03-01T09:37:49.092446+00:00",
      "side": "BUY",
      "price": 587.17,
      "quantity": 18,
      "order_type": "LIMIT"
    },
    {
      "timestamp": "2025-03-01T09:37:52.096868+00:00",
      "side": "BUY",
      "price": 587.2,
      "quantity": 100,
      "order_type": "LIMIT"
    },
    {
      "timestamp": "2025-03-01T09:37:55.159155+00:00",
      "side": "BUY",
      "price": 587.03,
      "quantity": 100,
      "order_type": "LIMIT"
    },
    {
      "timestamp": "2025-03-01T09:37:55.702348+00:00",
      "side": "SELL",
      "price": 587.31,
      "quantity": 18,
      "order_type": "LIMIT"
    },
    {
      "timestamp": "2025-03-01T09:37:55.734637+00:00",
      "side": "BUY",
      "price": 587.13,
      "quantity": 200,
      "order_type": "LIMIT"
    },
    {
      "timestamp": "2025-03-01T09:37:56.279448+00:00",
      "side": "SELL",
      "price": 587.29,
      "quantity": 8,
      "order_type": "LIMIT"
    },
    {
      "timestamp": "2025-03-01T09:37:56.654214+00:00",
      "side": "SELL",
      "price": 587.26,
      "quantity": 100,
      "order_type": "LIMIT"
    },
    {
      "timestamp": "2025-03-01T09:37:56.849720+00:00",
      "side": "BUY",
      "price": 586.91,
      "quantity": 100,
      "order_type": "LIMIT"
    },
    {
      "timestamp": "2025-03-01T09:37:57.526879+00:00",
      "side": "BUY",
      "price": 586.28,
      "quantity": 100,
      "order_type": "LIMIT"
    },
    {
      "timestamp": "2025-03-01T09:37:57.800270+00:00",
      "side": "SELL",
      "price": 587.2,
      "quantity": 100,
      "order_type": "LIMIT"
    },
    {
      "timestamp": "2025-03-01T09:37:59.344723+00:00",
      "side": "SELL",
      "price": 587.25,
      "quantity": 100,
      "order_type": "LIMIT"
    },
    {
      "timestamp": "2025-03-01T09:38:00.934636+00:00",
      "side": "SELL",
      "price": 587.24,
      "quantity": 100,
      "order_type": "LIMIT"
    },
    {
      "timestamp": "2025-03-01T09:38:01.016802+00:00",
      "side": "BUY",
      "price": 586.91,
      "quantity": 18,
      "order_type": "LIMIT"
    },
    {
      "timestamp": "2025-03-01T09:38:01.149029+00:00",
      "side": "BUY",
      "price": 586.88,
      "quantity": 10,
      "order_type": "LIMIT"
    },
    {
      "timestamp": "2025-03-01T09:38:04.063446+00:00",
      "side": "SELL",
      "price": 587.11,
      "quantity": 100,
      "order_type": "LIMIT"
    },
    {
      "timestamp": "2025-03-01T09:38:04.203156+00:00",
      "side": "SELL",
      "price": 587.03,
      "quantity": 100,
      "order_type": "LIMIT"
    },
    {
      "timestamp": "2025-03-01T09:38:04.795812+00:00",
      "side": "BUY",
      "price": 586.71,
      "quantity": 18,
      "order_type": "LIMIT"
    },
    {
      "timestamp": "2025-03-01T09:38:06.322091+00:00",
      "side": "BUY",
      "price": 586.72,
      "quantity": 18,
      "order_type": "LIMIT"
    },
    {
      "timestamp": "2025-03-01T09:38:08.287481+00:00",
      "side": "BUY",
      "price": 586.71,
      "quantity": 18,
      "order_type": "LIMIT"
    },
    {
      "timestamp": "2025-03-01T09:38:08.606153+00:00",
      "side": "BUY",
      "price": 586.7,
      "quantity": 8,
      "order_type": "LIMIT"
    },
    {
      "timestamp": "2025-03-01T09:38:09.275687+00:00",
      "side": "BUY",
      "price": 586.83,
      "quantity": 8,
      "order_type": "LIMIT"
    },
    {
      "timestamp": "2025-03-01T09:38:10.431718+00:00",
      "side": "BUY",
      "price": 586.65,
      "quantity": 200,
      "order_type": "LIMIT"
    },
    {
      "timestamp": "2025-03-01T09:38:15.176581+00:00",
      "side": "BUY",
      "price": 586.78,
      "quantity": 100,
      "order_type": "LIMIT"
    },
    {
      "timestamp": "2025-03-01T09:38:15.746035+00:00",
      "side": "BUY",
      "price": 586.59,
      "quantity": 100,
      "order_type": "LIMIT"
    },
    {
      "timestamp": "2025-03-01T09:38:16.349056+00:00",
      "side": "BUY",
      "price": 586.52,
      "quantity": 100,
      "order_type": "LIMIT"
    },
    {
      "timestamp": "2025-03-01T09:38:18.874161+00:00",
      "side": "BUY",
      "price": 585.89,
      "quantity": 100,
      "order_type": "LIMIT"
    },
    {
      "timestamp": "2025-03-01T09:38:19.296780+00:00",
      "side": "BUY",
      "price": 586.59,
      "quantity": 100,
      "order_type": "LIMIT"
    },
    {
      "timestamp": "2025-03-01T09:38:21.714430+00:00",
      "side": "BUY",
      "price": 586.45,
      "quantity": 100,
      "order_type": "LIMIT"
    },
    {
      "timestamp": "2025-03-01T09:38:22.429060+00:00",
      "side": "BUY",
      "price": 586.44,
      "quantity": 200,
      "order_type": "LIMIT"
    },
    {
      "timestamp": "2025-03-01T09:38:23.304036+00:00",
      "side": "BUY",
      "price": 586.38,
      "quantity": 100,
      "order_type": "LIMIT"
    },
    {
      "timestamp": "2025-03-01T09:38:24.912823+00:00",
      "side": "SELL",
      "price": 586.66,
      "quantity": 100,
      "order_type": "LIMIT"
    },
    {
      "timestamp": "2025-03-01T09:38:26.174935+00:00",
      "side": "SELL",
      "price": 586.61,
      "quantity": 100,
      "order_type": "LIMIT"
    },
    {
      "timestamp": "2025-03-01T09:38:26.323814+00:00",
      "side": "BUY",
      "price": 586.14,
      "quantity": 200,
      "order_type": "LIMIT"
    },
    {
      "timestamp": "2025-03-01T09:38:26.556787+00:00",
      "side": "SELL",
      "price": 586.53,
      "quantity": 100,
      "order_type": "LIMIT"
    },
    {
      "timestamp": "2025-03-01T09:38:28.257779+00:00",
      "side": "SELL",
      "price": 586.48,
      "quantity": 100,
      "order_type": "LIMIT"
    },
    {
      "timestamp": "2025-03-01T09:38:29.169645+00:00",
      "side": "BUY",
      "price": 586.07,
      "quantity": 200,
      "order_type": "LIMIT"
    },
    {
      "timestamp": "2025-03-01T09:38:29.395629+00:00",
      "side": "BUY",
      "price": 585.99,
      "quantity": 100,
      "order_type": "LIMIT"
    },
    {
      "timestamp": "2025-03-01T09:38:29.832964+00:00",
      "side": "SELL",
      "price": 586.33,
      "quantity": 200,
      "order_type": "LIMIT"
    },
    {
      "timestamp": "2025-03-01T09:38:30.424344+00:00",
      "side": "SELL",
      "price": 586.39,
      "quantity": 100,
      "order_type": "LIMIT"
    },
    {
      "timestamp": "2025-03-01T09:38:31.452036+00:00",
      "side": "SELL",
      "price": 586.32,
      "quantity": 100,
      "order_type": "LIMIT"
    },
    {
      "timestamp": "2025-03-01T09:38:32.169633+00:00",
      "side": "BUY",
      "price": 586.11,
      "quantity": 100,
      "order_type": "LIMIT"
    },
    {
      "timestamp": "2025-03-01T09:38:33.295818+00:00",
      "side": "SELL",
      "price": 586.13,
      "quantity": 100,
      "order_type": "LIMIT"
    },
    {
      "timestamp": "2025-03-01T09:38:34.170390+00:00",
      "side": "SELL",
      "price": 586.05,
      "quantity": 100,
      "order_type": "LIMIT"
    },
    {
      "timestamp": "2025-03-01T09:38:34.530735+00:00",
      "side": "SELL",
      "price": 586.06,
      "quantity": 100,
      "order_type": "LIMIT"
    },
    {
      "timestamp": "2025-03-01T09:38:34.846271+00:00",
      "side": "SELL",
      "price": 585.98,
      "quantity": 100,
      "order_type": "LIMIT"
    },
    {
      "timestamp": "2025-03-01T09:38:34.865565+00:00",
      "side": "SELL",
      "price": 585.87,
      "quantity": 100,
      "order_type": "LIMIT"
    },
    {
      "timestamp": "2025-03-01T09:38:34.919924+00:00",
      "side": "SELL",
      "price": 585.86,
      "quantity": 100,
      "order_type": "LIMIT"
    },
    {
      "timestamp": "2025-03-01T09:38:34.940583+00:00",
      "side": "SELL",
      "price": 585.92,
      "quantity": 100,
      "order_type": "LIMIT"
    },
    {
      "timestamp": "2025-03-01T09:38:35.044934+00:00",
      "side": "SELL",
      "price": 585.91,
      "quantity": 100,
      "order_type": "LIMIT"
    },
    {
      "timestamp": "2025-03-01T09:38:35.076425+00:00",
      "side": "SELL",
      "price": 585.96,
      "quantity": 100,
      "order_type": "LIMIT"
    },
    {
      "timestamp": "2025-03-01T09:38:35.593560+00:00",
      "side": "SELL",
      "price": 585.98,
      "quantity": 100,
      "order_type": "LIMIT"
    },
    {
      "timestamp": "2025-03-01T09:38:35.641643+00:00",
      "side": "SELL",
      "price": 586.0,
      "quantity": 100,
      "order_type": "LIMIT"
    },
    {
      "timestamp": "2025-03-01T09:38:35.706202+00:00",
      "side": "SELL",
      "price": 585.98,
      "quantity": 100,
      "order_type": "LIMIT"
    },
    {
      "timestamp": "2025-03-01T09:38:35.751296+00:00",
      "side": "SELL",
      "price": 586.02,
      "quantity": 100,
      "order_type": "LIMIT"
    },
    {
      "timestamp": "2025-03-01T09:38:35.784960+00:00",
      "side": "SELL",
      "price": 586.02,
      "quantity": 100,
      "order_type": "LIMIT"
    },
    {
      "timestamp": "2025-03-01T09:38:35.822412+00:00",
      "side": "SELL",
      "price": 585.96,
      "quantity": 100,
      "order_type": "LIMIT"
    },
    {
      "timestamp": "2025-03-01T09:38:37.357813+00:00",
      "side": "BUY",
      "price": 585.59,
      "quantity": 200,
      "order_type": "LIMIT"
    },
    {
      "timestamp": "2025-03-01T09:38:37.702503+00:00",
      "side": "SELL",
      "price": 585.68,
      "quantity": 100,
      "order_type": "LIMIT"
    },
    {
      "timestamp": "2025-03-01T09:38:38.497380+00:00",
      "side": "SELL",
      "price": 585.96,
      "quantity": 200,
      "order_type": "LIMIT"
    },
    {
      "timestamp": "2025-03-01T09:38:38.520717+00:00",
      "side": "SELL",
      "price": 586.04,
      "quantity": 100,
      "order_type": "LIMIT"
    },
    {
      "timestamp": "2025-03-01T09:38:38.577810+00:00",
      "side": "SELL",
      "price": 585.92,
      "quantity": 1,
      "order_type": "LIMIT"
    },
    {
      "timestamp": "2025-03-01T09:38:40.733611+00:00",
      "side": "BUY",
      "price": 585.61,
      "quantity": 100,
      "order_type": "LIMIT"
    },
    {
      "timestamp": "2025-03-01T09:38:45.009518+00:00",
      "side": "BUY",
      "price": 585.7,
      "quantity": 30,
      "order_type": "LIMIT"
    },
    {
      "timestamp": "2025-03-01T09:38:48.828318+00:00",
      "side": "SELL",
      "price": 586.07,
      "quantity": 100,
      "order_type": "LIMIT"
    },
    {
      "timestamp": "2025-03-01T09:38:50.836210+00:00",
      "side": "SELL",
      "price": 585.75,
      "quantity": 2,
      "order_type": "LIMIT"
    },
    {
      "timestamp": "2025-03-01T09:38:55.156132+00:00",
      "side": "BUY",
      "price": 585.85,
      "quantity": 300,
      "order_type": "LIMIT"
    },
    {
      "timestamp": "2025-03-01T09:38:55.332781+00:00",
      "side": "BUY",
      "price": 586.02,
      "quantity": 5,
      "order_type": "LIMIT"
    },
    {
      "timestamp": "2025-03-01T09:38:56.083846+00:00",
      "side": "SELL",
      "price": 586.17,
      "quantity": 200,
      "order_type": "LIMIT"
    },
    {
      "timestamp": "2025-03-01T09:38:56.100941+00:00",
      "side": "SELL",
      "price": 586.18,
      "quantity": 200,
      "order_type": "LIMIT"
    },
    {
      "timestamp": "2025-03-01T09:38:56.158527+00:00",
      "side": "SELL",
      "price": 586.13,
      "quantity": 200,
      "order_type": "LIMIT"
    },
    {
      "timestamp": "2025-03-01T09:38:56.198470+00:00",
      "side": "SELL",
      "price": 586.17,
      "quantity": 200,
      "order_type": "LIMIT"
    },
    {
      "timestamp": "2025-03-01T09:38:56.270926+00:00",
      "side": "SELL",
      "price": 586.17,
      "quantity": 200,
      "order_type": "LIMIT"
    },
    {
      "timestamp": "2025-03-01T09:38:56.335916+00:00",
      "side": "SELL",
      "price": 586.18,
      "quantity": 200,
      "order_type": "LIMIT"
    },
    {
      "timestamp": "2025-03-01T09:38:56.399133+00:00",
      "side": "SELL",
      "price": 586.18,
      "quantity": 200,
      "order_type": "LIMIT"
    },
    {
      "timestamp": "2025-03-01T09:38:56.931371+00:00",
      "side": "SELL",
      "price": 586.16,
      "quantity": 200,
      "order_type": "LIMIT"
    },
    {
      "timestamp": "2025-03-01T09:38:56.989993+00:00",
      "side": "SELL",
      "price": 586.16,
      "quantity": 200,
      "order_type": "LIMIT"
    },
    {
      "timestamp": "2025-03-01T09:38:57.062008+00:00",
      "side": "SELL",
      "price": 586.16,
      "quantity": 200,
      "order_type": "LIMIT"
    },
    {
      "timestamp": "2025-03-01T09:38:57.169055+00:00",
      "side": "SELL",
      "price": 586.13,
      "quantity": 200,
      "order_type": "LIMIT"
    },
    {
      "timestamp": "2025-03-01T09:38:57.225841+00:00",
      "side": "SELL",
      "price": 586.13,
      "quantity": 200,
      "order_type": "LIMIT"
    },
    {
      "timestamp": "2025-03-01T09:38:57.279584+00:00",
      "side": "SELL",
      "price": 586.17,
      "quantity": 200,
      "order_type": "LIMIT"
    },
    {
      "timestamp": "2025-03-01T09:38:57.347696+00:00",
      "side": "SELL",
      "price": 586.17,
      "quantity": 200,
      "order_type": "LIMIT"
    },
    {
      "timestamp": "2025-03-01T09:38:57.420185+00:00",
      "side": "SELL",
      "price": 586.17,
      "quantity": 200,
      "order_type": "LIMIT"
    },
    {
      "timestamp": "2025-03-01T09:38:57.484750+00:00",
      "side": "SELL",
      "price": 586.16,
      "quantity": 200,
      "order_type": "LIMIT"
    },
    {
      "timestamp": "2025-03-01T09:38:57.550853+00:00",
      "side": "SELL",
      "price": 586.17,
      "quantity": 200,
      "order_type": "LIMIT"
    },
    {
      "timestamp": "2025-03-01T09:38:57.623104+00:00",
      "side": "SELL",
      "price": 586.17,
      "quantity": 200,
      "order_type": "LIMIT"
    },
    {
      "timestamp": "2025-03-01T09:38:57.697318+00:00",
      "side": "SELL",
      "price": 586.17,
      "quantity": 200,
      "order_type": "LIMIT"
    },
    {
      "timestamp": "2025-03-01T09:38:57.748030+00:00",
      "side": "SELL",
      "price": 586.16,
      "quantity": 200,
      "order_type": "LIMIT"
    },
    {
      "timestamp": "2025-03-01T09:38:57.815752+00:00",
      "side": "SELL",
      "price": 586.16,
      "quantity": 200,
      "order_type": "LIMIT"
    },
    {
      "timestamp": "2025-03-01T09:39:00.204966+00:00",
      "side": "BUY",
      "price": 585.82,
      "quantity": 300,
      "order_type": "LIMIT"
    },
    {
      "timestamp": "2025-03-01T09:39:00.658750+00:00",
      "side": "SELL",
      "price": 586.19,
      "quantity": 100,
      "order_type": "LIMIT"
    },
    {
      "timestamp": "2025-03-01T09:39:02.074759+00:00",
      "side": "SELL",
      "price": 585.96,
      "quantity": 18,
      "order_type": "LIMIT"
    },
    {
      "timestamp": "2025-03-01T09:39:03.531005+00:00",
      "side": "SELL",
      "price": 585.89,
      "quantity": 18,
      "order_type": "LIMIT"
    },
    {
      "timestamp": "2025-03-01T09:39:08.133242+00:00",
      "side": "BUY",
      "price": 585.9,
      "quantity": 25,
      "order_type": "LIMIT"
    },
    {
      "timestamp": "2025-03-01T09:39:09.127434+00:00",
      "side": "SELL",
      "price": 586.09,
      "quantity": 100,
      "order_type": "LIMIT"
    },
    {
      "timestamp": "2025-03-01T09:39:09.247850+00:00",
      "side": "SELL",
      "price": 586.29,
      "quantity": 100,
      "order_type": "LIMIT"
    },
    {
      "timestamp": "2025-03-01T09:39:10.315535+00:00",
      "side": "SELL",
      "price": 585.96,
      "quantity": 18,
      "order_type": "LIMIT"
    },
    {
      "timestamp": "2025-03-01T09:39:14.135893+00:00",
      "side": "BUY",
      "price": 585.92,
      "quantity": 100,
      "order_type": "LIMIT"
    },
    {
      "timestamp": "2025-03-01T09:39:15.739937+00:00",
      "side": "SELL",
      "price": 585.95,
      "quantity": 18,
      "order_type": "LIMIT"
    },
    {
      "timestamp": "2025-03-01T09:39:16.259080+00:00",
      "side": "SELL",
      "price": 586.07,
      "quantity": 100,
      "order_type": "LIMIT"
    },
    {
      "timestamp": "2025-03-01T09:39:19.485187+00:00",
