{
  "AAPL": [
    {
      "timestamp": "2025-03-01T09:30:00.050241+00:00",
      "side": "BUY",
      "price": 585.0,
      "quantity": 100,
      "order_type": "LIMIT"
    },
    {
      "timestamp": "2025-03-01T09:30:00.271740+00:00",
      "side": "SELL",
      "price": 585.75,
      "quantity": 5,
      "order_type": "LIMIT"
    },
    {
      "timestamp": "2025-03-01T09:30:00.271740+00:00",
      "side": "SELL",
      "price": 585.83,
      "quantity": 7,
      "order_type": "LIMIT"
    },
    {
      "timestamp": "2025-03-01T09:30:00.395117+00:00",
      "side": "SELL",
      "price": 585.98,
      "quantity": 200,
      "order_type": "LIMIT"
    },
    {
      "timestamp": "2025-03-01T09:30:00.833761+00:00",
      "side": "BUY",
      "price": 585.7,
      "quantity": 100,
      "order_type": "LIMIT"
    },
    {
      "timestamp": "2025-03-01T09:30:01.015781+00:00",
      "side": "BUY",
      "price": 585.46,
      "quantity": 100,
      "order_type": "LIMIT"
    },
    {
      "timestamp": "2025-03-01T09:30:01.151828+00:00",
      "side": "SELL",
      "price": 586.0,
      "quantity": 100,
      "order_type": "LIMIT"
    },
    {
      "timestamp": "2025-03-01T09:30:01.151828+00:00",
      "side": "SELL",
      "price": 586.0,
      "quantity": 65,
      "order_type": "LIMIT"
    },
    {
      "timestamp": "2025-03-01T09:30:01.173094+00:00",
      "side": "SELL",
      "price": 585.87,
      "quantity": 18,
      "order_type": "LIMIT"
    },
    {
      "timestamp": "2025-03-01T09:30:01.397506+00:00",
      "side": "SELL",
      "price": 585.8,
      "quantity": 100,
      "order_type": "LIMIT"
    },
    {
      "timestamp": "2025-03-01T09:30:01.840819+00:00",
      "side": "SELL",
      "price": 585.79,
      "quantity": 18,
      "order_type": "LIMIT"
    },
    {
      "timestamp": "2025-03-01T09:30:02.255446+00:00",
      "side": "SELL",
      "price": 585.72,
      "quantity": 18,
      "order_type": "LIMIT"
    },
    {
      "timestamp": "2025-03-01T09:30:02.565667+00:00",
      "side": "SELL",
      "price": 585.8,
      "quantity": 18,
      "order_type": "LIMIT"
    },
    {
      "timestamp": "2025-03-01T09:30:03.012288+00:00",
      "side": "BUY",
      "price": 585.45,
      "quantity": 18,
      "order_type": "LIMIT"
    },
    {
      "timestamp": "2025-03-01T09:30:03.407471+00:00",
      "side": "SELL",
      "price": 585.68,
      "quantity": 18,
      "order_type": "LIMIT"
    },
    {
      "timestamp": "2025-03-01T09:30:04.328821+00:00",
      "side": "SELL",
      "price": 585.8,
      "quantity": 18,
      "order_type": "LIMIT"
    },
    {
      "timestamp": "2025-03-01T09:30:04.621339+00:00",
      "side": "SELL",
      "price": 585.67,
      "quantity": 18,
      "order_type": "LIMIT"
    },
    {
      "timestamp": "2025-03-01T09:30:06.290141+00:00",
      "side": "BUY",
      "price": 585.48,
      "quantity": 7,
      "order_type": "LIMIT"
    },
    {
      "timestamp": "2025-03-01T09:30:08.041353+00:00",
      "side": "SELL",
      "price": 585.68,
      "quantity": 2,
      "order_type": "LIMIT"
    },
    {
      "timestamp": "2025-03-01T09:30:09.786266+00:00",
      "side": "SELL",
      "price": 585.66,
      "quantity": 2,
      "order_type": "LIMIT"
    },
    {
      "timestamp": "2025-03-01T09:30:10.131573+00:00",
      "side": "SELL",
      "price": 585.67,
      "quantity": 18,
      "order_type": "LIMIT"
    },
    {
      "timestamp": "2025-03-01T09:30:10.908121+00:00",
      "side": "SELL",
      "price": 585.61,
      "quantity": 320,
      "order_type": "LIMIT"
    },
    {
      "timestamp": "2025-03-01T09:30:12.053610+00:00",
      "side": "SELL",
      "price": 585.54,
      "quantity": 320,
      "order_type": "LIMIT"
    },
    {
      "timestamp": "2025-03-01T09:30:12.557195+00:00",
      "side": "SELL",
      "price": 585.5,
      "quantity": 320,
      "order_type": "LIMIT"
    },
    {
      "timestamp": "2025-03-01T09:30:17.206561+00:00",
      "side": "SELL",
      "price": 585.58,
      "quantity": 59,
      "order_type": "LIMIT"
    },
    {
      "timestamp": "2025-03-01T09:30:19.517830+00:00",
      "side": "SELL",
      "price": 585.68,
      "quantity": 18,
      "order_type": "LIMIT"
    },
    {
      "timestamp": "2025-03-01T09:30:21.023900+00:00",
      "side": "SELL",
      "price": 585.61,
      "quantity": 18,
      "order_type": "LIMIT"
    },
    {
      "timestamp": "2025-03-01T09:30:25.019832+00:00",
      "side": "BUY",
      "price": 585.45,
      "quantity": 4,
      "order_type": "LIMIT"
    },
    {
      "timestamp": "2025-03-01T09:30:27.437331+00:00",
      "side": "BUY",
      "price": 585.47,
      "quantity": 100,
      "order_type": "LIMIT"
    },
    {
      "timestamp": "2025-03-01T09:30:28.076445+00:00",
      "side": "SELL",
      "price": 585.8,
      "quantity": 18,
      "order_type": "LIMIT"
    },
    {
      "timestamp": "2025-03-01T09:30:29.950358+00:00",
      "side": "BUY",
      "price": 585.49,
      "quantity": 18,
      "order_type": "LIMIT"
    },
    {
      "timestamp": "2025-03-01T09:30:30.352590+00:00",
      "side": "SELL",
      "price": 585.79,
      "quantity": 18,
      "order_type": "LIMIT"
    },
    {
      "timestamp": "2025-03-01T09:30:32.493278+00:00",
      "side": "BUY",
      "price": 585.52,
      "quantity": 8,
      "order_type": "LIMIT"
    },
    {
      "timestamp": "2025-03-01T09:30:33.465911+00:00",
      "side": "BUY",
      "price": 585.52,
      "quantity": 8,
      "order_type": "LIMIT"
    },
    {
      "timestamp": "2025-03-01T09:30:33.868791+00:00",
      "side": "SELL",
      "price": 585.79,
      "quantity": 18,
      "order_type": "LIMIT"
    },
    {
      "timestamp": "2025-03-01T09:30:34.355493+00:00",
      "side": "BUY",
      "price": 585.53,
      "quantity": 18,
      "order_type": "LIMIT"
    },
    {
      "timestamp": "2025-03-01T09:30:34.742741+00:00",
      "side": "SELL",
      "price": 585.79,
      "quantity": 2,
      "order_type": "LIMIT"
    },
    {
      "timestamp": "2025-03-01T09:30:35.707678+00:00",
      "side": "SELL",
      "price": 585.79,
      "quantity": 6,
      "order_type": "LIMIT"
    },
    {
      "timestamp": "2025-03-01T09:30:37.328734+00:00",
      "side": "BUY",
      "price": 585.54,
      "quantity": 12,
      "order_type": "LIMIT"
    },
    {
      "timestamp": "2025-03-01T09:30:39.262348+00:00",
      "side": "SELL",
      "price": 585.73,
      "quantity": 18,
      "order_type": "LIMIT"
    },
    {
      "timestamp": "2025-03-01T09:30:42.320907+00:00",
      "side": "SELL",
      "price": 585.49,
      "quantity": 6,
      "order_type": "LIMIT"
    },
    {
      "timestamp": "2025-03-01T09:30:43.467354+00:00",
      "side": "SELL",
      "price": 585.52,
      "quantity": 18,
      "order_type": "LIMIT"
    },
    {
      "timestamp": "2025-03-01T09:30:45.694267+00:00",
      "side": "BUY",
      "price": 585.32,
      "quantity": 100,
      "order_type": "LIMIT"
    },
    {
      "timestamp": "2025-03-01T09:30:46.964670+00:00",
      "side": "BUY",
      "price": 585.17,
      "quantity": 18,
      "order_type": "LIMIT"
    },
    {
      "timestamp": "2025-03-01T09:30:47.510752+00:00",
      "side": "BUY",
      "price": 585.22,
      "quantity": 6,
      "order_type": "LIMIT"
    },
    {
      "timestamp": "2025-03-01T09:30:47.610968+00:00",
      "side": "SELL",
      "price": 585.75,
      "quantity": 100,
      "order_type": "LIMIT"
    },
    {
      "timestamp": "2025-03-01T09:30:47.902233+00:00",
      "side": "SELL",
      "price": 585.7,
      "quantity": 100,
      "order_type": "LIMIT"
    },
    {
      "timestamp": "2025-03-01T09:30:51.157902+00:00",
      "side": "SELL",
      "price": 585.71,
      "quantity": 18,
      "order_type": "LIMIT"
    },
    {
      "timestamp": "2025-03-01T09:30:52.023181+00:00",
      "side": "BUY",
      "price": 585.33,
      "quantity": 18,
      "order_type": "LIMIT"
    },
    {
      "timestamp": "2025-03-01T09:30:52.029823+00:00",
      "side": "SELL",
      "price": 585.79,
      "quantity": 100,
      "order_type": "LIMIT"
    },
    {
      "timestamp": "2025-03-01T09:30:52.740155+00:00",
      "side": "BUY",
      "price": 585.38,
      "quantity": 6,
      "order_type": "LIMIT"
    },
    {
      "timestamp": "2025-03-01T09:30:54.528583+00:00",
      "side": "SELL",
      "price": 585.68,
      "quantity": 100,
      "order_type": "LIMIT"
    },
    {
      "timestamp": "2025-03-01T09:30:56.585937+00:00",
      "side": "BUY",
      "price": 585.36,
      "quantity": 100,
      "order_type": "LIMIT"
    },
    {
      "timestamp": "2025-03-01T09:30:57.005604+00:00",
      "side": "SELL",
      "price": 585.62,
      "quantity": 18,
      "order_type": "LIMIT"
    },
    {
      "timestamp": "2025-03-01T09:30:57.725581+00:00",
      "side": "BUY",
      "price": 585.39,
      "quantity": 18,
      "order_type": "LIMIT"
    },
    {
      "timestamp": "2025-03-01T09:30:58.779988+00:00",
      "side": "SELL",
      "price": 585.65,
      "quantity": 12,
      "order_type": "LIMIT"
    },
    {
      "timestamp": "2025-03-01T09:30:59.705516+00:00",
      "side": "BUY",
      "price": 585.33,
      "quantity": 6,
      "order_type": "LIMIT"
    },
    {
      "timestamp": "2025-03-01T09:30:59.879637+00:00",
      "side": "BUY",
      "price": 585.3,
      "quantity": 100,
      "order_type": "LIMIT"
    },
    {
      "timestamp": "2025-03-01T09:30:59.903387+00:00",
      "side": "SELL",
      "price": 585.63,
      "quantity": 12,
      "order_type": "LIMIT"
    },
    {
      "timestamp": "2025-03-01T09:31:00.190127+00:00",
      "side": "BUY",
      "price": 585.34,
      "quantity": 18,
      "order_type": "LIMIT"
    },
    {
      "timestamp": "2025-03-01T09:31:00.939909+00:00",
      "side": "SELL",
      "price": 585.6,
      "quantity": 18,
      "order_type": "LIMIT"
    },
    {
      "timestamp": "2025-03-01T09:31:01.504515+00:00",
      "side": "BUY",
      "price": 585.32,
      "quantity": 2,
      "order_type": "LIMIT"
    },
    {
      "timestamp": "2025-03-01T09:31:01.824574+00:00",
      "side": "SELL",
      "price": 585.63,
      "quantity": 100,
      "order_type": "LIMIT"
    },
    {
      "timestamp": "2025-03-01T09:31:02.407132+00:00",
      "side": "BUY",
      "price": 585.01,
      "quantity": 500,
      "order_type": "LIMIT"
    },
    {
      "timestamp": "2025-03-01T09:31:03.612316+00:00",
      "side": "BUY",
      "price": 585.37,
      "quantity": 18,
      "order_type": "LIMIT"
    },
    {
      "timestamp": "2025-03-01T09:31:04.259446+00:00",
      "side": "SELL",
      "price": 585.63,
      "quantity": 100,
      "order_type": "LIMIT"
    },
    {
      "timestamp": "2025-03-01T09:31:05.697749+00:00",
      "side": "BUY",
      "price": 585.34,
      "quantity": 18,
      "order_type": "LIMIT"
    },
    {
      "timestamp": "2025-03-01T09:31:07.155097+00:00",
      "side": "BUY",
      "price": 585.35,
      "quantity": 18,
      "order_type": "LIMIT"
    },
    {
      "timestamp": "2025-03-01T09:31:10.085057+00:00",
      "side": "BUY",
      "price": 585.35,
      "quantity": 18,
      "order_type": "LIMIT"
    },
    {
      "timestamp": "2025-03-01T09:31:10.231796+00:00",
      "side": "SELL",
      "price": 585.66,
      "quantity": 200,
      "order_type": "LIMIT"
    },
    {
      "timestamp": "2025-03-01T09:31:10.599461+00:00",
      "side": "BUY",
      "price": 585.23,
      "quantity": 18,
      "order_type": "LIMIT"
    },
    {
      "timestamp": "2025-03-01T09:31:11.247410+00:00",
      "side": "SELL",
      "price": 585.75,
      "quantity": 200,
      "order_type": "LIMIT"
    },
    {
      "timestamp": "2025-03-01T09:31:13.258724+00:00",
      "side": "SELL",
      "price": 585.63,
      "quantity": 18,
      "order_type": "LIMIT"
    },
    {
      "timestamp": "2025-03-01T09:31:14.646715+00:00",
      "side": "BUY",
      "price": 585.45,
      "quantity": 100,
      "order_type": "LIMIT"
    },
    {
      "timestamp": "2025-03-01T09:31:17.400647+00:00",
      "side": "SELL",
      "price": 585.64,
      "quantity": 100,
      "order_type": "LIMIT"
    },
    {
      "timestamp": "2025-03-01T09:31:18.681703+00:00",
      "side": "BUY",
      "price": 585.43,
      "quantity": 150,
      "order_type": "LIMIT"
    },
    {
      "timestamp": "2025-03-01T09:31:19.591299+00:00",
      "side": "SELL",
      "price": 585.62,
      "quantity": 18,
      "order_type": "LIMIT"
    },
    {
      "timestamp": "2025-03-01T09:31:20.955016+00:00",
      "side": "SELL",
      "price": 585.63,
      "quantity": 100,
      "order_type": "LIMIT"
    },
    {
      "timestamp": "2025-03-01T09:31:21.316153+00:00",
      "side": "SELL",
      "price": 585.63,
      "quantity": 100,
      "order_type": "LIMIT"
    },
    {
      "timestamp": "2025-03-01T09:31:21.450084+00:00",
      "side": "BUY",
      "price": 585.46,
      "quantity": 35,
      "order_type": "LIMIT"
    },
    {
      "timestamp": "2025-03-01T09:31:22.643660+00:00",
      "side": "BUY",
      "price": 585.29,
      "quantity": 100,
      "order_type": "LIMIT"
    },
    {
      "timestamp": "2025-03-01T09:31:23.761331+00:00",
      "side": "SELL",
      "price": 585.61,
      "quantity": 100,
      "order_type": "LIMIT"
    },
    {
      "timestamp": "2025-03-01T09:31:24.367761+00:00",
      "side": "SELL",
      "price": 585.59,
      "quantity": 100,
      "order_type": "LIMIT"
    },
    {
      "timestamp": "2025-03-01T09:31:24.644847+00:00",
      "side": "BUY",
      "price": 585.26,
      "quantity": 7,
      "order_type": "LIMIT"
    },
    {
      "timestamp": "2025-03-01T09:31:25.203551+00:00",
      "side": "SELL",
      "price": 585.53,
      "quantity": 100,
      "order_type": "LIMIT"
    },
    {
      "timestamp": "2025-03-01T09:31:25.882060+00:00",
      "side": "SELL",
      "price": 585.47,
      "quantity": 100,
      "order_type": "LIMIT"
    },
    {
      "timestamp": "2025-03-01T09:31:26.080518+00:00",
      "side": "SELL",
      "price": 585.42,
      "quantity": 100,
      "order_type": "LIMIT"
    },
    {
      "timestamp": "2025-03-01T09:31:26.935810+00:00",
      "side": "SELL",
      "price": 585.41,
      "quantity": 100,
      "order_type": "LIMIT"
    },
    {
      "timestamp": "2025-03-01T09:31:27.254821+00:00",
      "side": "BUY",
      "price": 585.26,
      "quantity": 7,
      "order_type": "LIMIT"
    },
    {
      "timestamp": "2025-03-01T09:31:27.723491+00:00",
      "side": "SELL",
      "price": 585.52,
      "quantity": 18,
      "order_type": "LIMIT"
    },
    {
      "timestamp": "2025-03-01T09:31:27.725945+00:00",
      "side": "SELL",
      "price": 585.51,
      "quantity": 100,
      "order_type": "LIMIT"
    },
    {
      "timestamp": "2025-03-01T09:31:27.850997+00:00",
      "side": "SELL",
      "price": 585.5,
      "quantity": 18,
      "order_type": "LIMIT"
    },
    {
      "timestamp": "2025-03-01T09:31:27.934693+00:00",
      "side": "SELL",
      "price": 585.45,
      "quantity": 100,
      "order_type": "LIMIT"
    },
    {
      "timestamp": "2025-03-01T09:31:27.993187+00:00",
      "side": "BUY",
      "price": 585.0,
      "quantity": 5,
      "order_type": "LIMIT"
    },
    {
      "timestamp": "2025-03-01T09:31:28.724689+00:00",
      "side": "SELL",
      "price": 585.04,
      "quantity": 300,
      "order_type": "LIMIT"
    },
    {
      "timestamp": "2025-03-01T09:31:28.728021+00:00",
      "side": "SELL",
      "price": 585.02,
      "quantity": 20,
      "order_type": "LIMIT"
    },
    {
      "timestamp": "2025-03-01T09:31:29.884309+00:00",
      "side": "SELL",
      "price": 584.97,
      "quantity": 100,
      "order_type": "LIMIT"
    },
    {
      "timestamp": "2025-03-01T09:31:31.203246+00:00",
      "side": "SELL",
      "price": 584.84,
      "quantity": 100,
      "order_type": "LIMIT"
    },
    {
      "timestamp": "2025-03-01T09:31:31.807851+00:00",
      "side": "SELL",
      "price": 585.64,
      "quantity": 100,
      "order_type": "LIMIT"
    },
    {
      "timestamp": "2025-03-01T09:31:36.164669+00:00",
      "side": "BUY",
      "price": 584.63,
      "quantity": 100,
      "order_type": "LIMIT"
    },
    {
      "timestamp": "2025-03-01T09:31:39.503817+00:00",
      "side": "SELL",
      "price": 585.55,
      "quantity": 100,
      "order_type": "LIMIT"
    },
    {
      "timestamp": "2025-03-01T09:31:45.099492+00:00",
      "side": "SELL",
      "price": 585.11,
      "quantity": 200,
      "order_type": "LIMIT"
    },
    {
      "timestamp": "2025-03-01T09:31:45.111722+00:00",
      "side": "SELL",
      "price": 585.13,
      "quantity": 100,
      "order_type": "LIMIT"
    },
    {
      "timestamp": "2025-03-01T09:31:45.117212+00:00",
      "side": "BUY",
      "price": 584.6,
      "quantity": 100,
      "order_type": "LIMIT"
    },
    {
      "timestamp": "2025-03-01T09:31:45.126559+00:00",
      "side": "SELL",
      "price": 585.27,
      "quantity": 100,
      "order_type": "LIMIT"
    },
    {
      "timestamp": "2025-03-01T09:31:45.132097+00:00",
      "side": "SELL",
      "price": 585.08,
      "quantity": 100,
      "order_type": "LIMIT"
    },
    {
      "timestamp": "2025-03-01T09:31:45.850858+00:00",
      "side": "BUY",
      "price": 584.67,
      "quantity": 100,
      "order_type": "LIMIT"
    },
    {
      "timestamp": "2025-03-01T09:31:47.265157+00:00",
      "side": "SELL",
      "price": 585.22,
      "quantity": 100,
      "order_type": "LIMIT"
    },
    {
      "timestamp": "2025-03-01T09:31:49.448905+00:00",
      "side": "SELL",
      "price": 585.39,
      "quantity": 1,
      "order_type": "LIMIT"
    },
    {
      "timestamp": "2025-03-01T09:31:49.626992+00:00",
      "side": "SELL",
      "price": 585.04,
      "quantity": 100,
      "order_type": "LIMIT"
    },
    {
      "timestamp": "2025-03-01T09:31:49.994552+00:00",
      "side": "SELL",
      "price": 585.35,
      "quantity": 1,
      "order_type": "LIMIT"
    },
    {
      "timestamp": "2025-03-01T09:31:50.005217+00:00",
      "side": "SELL",
      "price": 585.32,
      "quantity": 18,
      "order_type": "LIMIT"
    },
    {
      "timestamp": "2025-03-01T09:31:50.154952+00:00",
      "side": "SELL",
      "price": 585.05,
      "quantity": 100,
      "order_type": "LIMIT"
    },
    {
      "timestamp": "2025-03-01T09:31:50.315586+00:00",
      "side": "SELL",
      "price": 585.22,
      "quantity": 1,
      "order_type": "LIMIT"
    },
    {
      "timestamp": "2025-03-01T09:31:50.998092+00:00",
      "side": "SELL",
      "price": 585.36,
      "quantity": 18,
      "order_type": "LIMIT"
    },
    {
      "timestamp": "2025-03-01T09:31:51.296345+00:00",
      "side": "SELL",
      "price": 585.39,
      "quantity": 1,
      "order_type": "LIMIT"
    },
    {
      "timestamp": "2025-03-01T09:31:51.408826+00:00",
      "side": "SELL",
      "price": 585.04,
      "quantity": 1,
      "order_type": "LIMIT"
    },
    {
      "timestamp": "2025-03-01T09:31:51.652872+00:00",
      "side": "SELL",
      "price": 585.25,
      "quantity": 100,
      "order_type": "LIMIT"
    },
    {
      "timestamp": "2025-03-01T09:31:52.163954+00:00",
      "side": "SELL",
      "price": 585.24,
      "quantity": 1,
      "order_type": "LIMIT"
    },
    {
      "timestamp": "2025-03-01T09:31:52.367712+00:00",
      "side": "SELL",
      "price": 585.04,
      "quantity": 100,
      "order_type": "LIMIT"
    },
    {
      "timestamp": "2025-03-01T09:31:52.766945+00:00",
      "side": "SELL",
      "price": 585.24,
      "quantity": 1,
      "order_type": "LIMIT"
    },
    {
      "timestamp": "2025-03-01T09:31:52.999030+00:00",
      "side": "SELL",
      "price": 585.24,
      "quantity": 1,
      "order_type": "LIMIT"
    },
    {
      "timestamp": "2025-03-01T09:31:54.089811+00:00",
      "side": "SELL",
      "price": 585.39,
      "quantity": 1,
      "order_type": "LIMIT"
    },
    {
      "timestamp": "2025-03-01T09:31:54.192726+00:00",
      "side": "SELL",
      "price": 585.23,
      "quantity": 1,
      "order_type": "LIMIT"
    },
    {
      "timestamp": "2025-03-01T09:31:54.519677+00:00",
      "side": "SELL",
      "price": 585.21,
      "quantity": 2,
      "order_type": "LIMIT"
    },
    {
      "timestamp": "2025-03-01T09:31:55.173093+00:00",
      "side": "SELL",
      "price": 585.16,
      "quantity": 100,
      "order_type": "LIMIT"
    },
    {
      "timestamp": "2025-03-01T09:31:55.688947+00:00",
      "side": "SELL",
      "price": 585.27,
      "quantity": 100,
      "order_type": "LIMIT"
    },
    {
      "timestamp": "2025-03-01T09:31:56.932501+00:00",
      "side": "SELL",
      "price": 585.16,
      "quantity": 100,
      "order_type": "LIMIT"
    },
    {
      "timestamp": "2025-03-01T09:31:58.152317+00:00",
      "side": "SELL",
      "price": 585.35,
      "quantity": 100,
      "order_type": "LIMIT"
    },
    {
      "timestamp": "2025-03-01T09:31:58.939651+00:00",
      "side": "SELL",
      "price": 585.38,
      "quantity": 100,
      "order_type": "LIMIT"
    },
    {
      "timestamp": "2025-03-01T09:32:02.206148+00:00",
      "side": "SELL",
      "price": 585.3,
      "quantity": 100,
      "order_type": "LIMIT"
    },
    {
      "timestamp": "2025-03-01T09:32:04.662168+00:00",
      "side": "BUY",
      "price": 585.04,
      "quantity": 100,
      "order_type": "LIMIT"
    },
    {
      "timestamp": "2025-03-01T09:32:07.995289+00:00",
      "side": "BUY",
      "price": 584.99,
      "quantity": 100,
      "order_type": "LIMIT"
    },
    {
      "timestamp": "2025-03-01T09:32:08.708938+00:00",
      "side": "SELL",
      "price": 585.26,
      "quantity": 100,
      "order_type": "LIMIT"
    },
    {
      "timestamp": "2025-03-01T09:32:09.837998+00:00",
      "side": "SELL",
      "price": 585.42,
      "quantity": 100,
      "order_type": "LIMIT"
    },
    {
      "timestamp": "2025-03-01T09:32:10.132800+00:00",
      "side": "BUY",
      "price": 585.17,
      "quantity": 100,
      "order_type": "LIMIT"
    },
    {
      "timestamp": "2025-03-01T09:32:12.758102+00:00",
      "side": "BUY",
      "price": 585.0,
      "quantity": 1000,
      "order_type": "LIMIT"
    },
    {
      "timestamp": "2025-03-01T09:32:15.316995+00:00",
      "side": "SELL",
      "price": 585.2,
      "quantity": 100,
      "order_type": "LIMIT"
    },
    {
      "timestamp": "2025-03-01T09:32:16.924032+00:00",
      "side": "BUY",
      "price": 584.8,
      "quantity": 200,
      "order_type": "LIMIT"
    },
    {
      "timestamp": "2025-03-01T09:32:22.122982+00:00",
      "side": "SELL",
      "price": 585.47,
      "quantity": 100,
      "order_type": "LIMIT"
    },
    {
      "timestamp": "2025-03-01T09:32:26.692392+00:00",
      "side": "SELL",
      "price": 585.31,
      "quantity": 18,
      "order_type": "LIMIT"
    },
    {
      "timestamp": "2025-03-01T09:32:26.867955+00:00",
      "side": "SELL",
      "price": 585.21,
      "quantity": 100,
      "order_type": "LIMIT"
    },
    {
      "timestamp": "2025-03-01T09:32:27.146884+00:00",
      "side": "SELL",
      "price": 585.2,
      "quantity": 1,
      "order_type": "LIMIT"
    },
    {
      "timestamp": "2025-03-01T09:32:27.442321+00:00",
      "side": "SELL",
      "price": 585.3,
      "quantity": 1,
      "order_type": "LIMIT"
    },
    {
      "timestamp": "2025-03-01T09:32:29.010544+00:00",
      "side": "BUY",
      "price": 584.78,
      "quantity": 100,
      "order_type": "LIMIT"
    },
    {
      "timestamp": "2025-03-01T09:32:29.857760+00:00",
      "side": "SELL",
      "price": 585.21,
      "quantity": 100,
      "order_type": "LIMIT"
    },
    {
      "timestamp": "2025-03-01T09:32:34.062500+00:00",
      "side": "SELL",
      "price": 585.2,
      "quantity": 100,
      "order_type": "LIMIT"
    },
    {
      "timestamp": "2025-03-01T09:32:40.125986+00:00",
      "side": "SELL",
      "price": 585.18,
      "quantity": 18,
      "order_type": "LIMIT"
    },
    {
      "timestamp": "2025-03-01T09:32:41.272783+00:00",
      "side": "SELL",
      "price": 585.14,
      "quantity": 200,
      "order_type": "LIMIT"
    },
    {
      "timestamp": "2025-03-01T09:32:44.417011+00:00",
      "side": "SELL",
      "price": 585.19,
      "quantity": 1,
      "order_type": "LIMIT"
    },
    {
      "timestamp": "2025-03-01T09:32:44.563613+00:00",
      "side": "SELL",
      "price": 584.99,
      "quantity": 1,
      "order_type": "LIMIT"
    },
    {
      "timestamp": "2025-03-01T09:32:45.489708+00:00",
      "side": "SELL",
      "price": 585.16,
      "quantity": 200,
      "order_type": "LIMIT"
    },
    {
      "timestamp": "2025-03-01T09:32:48.744968+00:00",
      "side": "BUY",
      "price": 584.82,
      "quantity": 200,
      "order_type": "LIMIT"
    },
    {
      "timestamp": "2025-03-01T09:32:52.185240+00:00",
      "side": "BUY",
      "price": 585.01,
      "quantity": 100,
      "order_type": "LIMIT"
    },
    {
      "timestamp": "2025-03-01T09:32:55.020281+00:00",
      "side": "SELL",
      "price": 585.27,
      "quantity": 100,
      "order_type": "LIMIT"
    },
    {
      "timestamp": "2025-03-01T09:32:55.943052+00:00",
      "side": "BUY",
      "price": 585.21,
      "quantity": 100,
      "order_type": "LIMIT"
    },
    {
      "timestamp": "2025-03-01T09:32:55.950564+00:00",
      "side": "BUY",
      "price": 585.16,
      "quantity": 100,
      "order_type": "LIMIT"
    },
    {
      "timestamp": "2025-03-01T09:32:56.019584+00:00",
      "side": "BUY",
      "price": 585.23,
      "quantity": 100,
      "order_type": "LIMIT"
    },
    {
      "timestamp": "2025-03-01T09:32:56.024789+00:00",
      "side": "BUY",
      "price": 585.23,
      "quantity": 100,
      "order_type": "LIMIT"
    },
    {
      "timestamp": "2025-03-01T09:32:56.033009+00:00",
      "side": "SELL",
      "price": 585.43,
      "quantity": 100,
      "order_type": "LIMIT"
    },
    {
      "timestamp": "2025-03-01T09:32:56.087372+00:00",
      "side": "SELL",
      "price": 585.47,
      "quantity": 100,
      "order_type": "LIMIT"
    },
    {
      "timestamp": "2025-03-01T09:32:56.448297+00:00",
      "side": "BUY",
      "price": 585.23,
      "quantity": 100,
      "order_type": "LIMIT"
    },
    {
      "timestamp": "2025-03-01T09:32:56.542822+00:00",
      "side": "BUY",
      "price": 585.25,
      "quantity": 100,
      "order_type": "LIMIT"
    },
    {
      "timestamp": "2025-03-01T09:32:57.952497+00:00",
      "side": "BUY",
      "price": 585.25,
      "quantity": 75,
      "order_type": "LIMIT"
    },
    {
      "timestamp": "2025-03-01T09:32:59.288498+00:00",
      "side": "BUY",
      "price": 585.32,
      "quantity": 100,
      "order_type": "LIMIT"
    },
    {
      "timestamp": "2025-03-01T09:32:59.870157+00:00",
      "side": "SELL",
      "price": 585.66,
      "quantity": 200,
      "order_type": "LIMIT"
    },
    {
      "timestamp": "2025-03-01T09:33:00.657066+00:00",
      "side": "BUY",
      "price": 585.4,
      "quantity": 100,
      "order_type": "LIMIT"
    },
    {
      "timestamp": "2025-03-01T09:33:01.610279+00:00",
      "side": "SELL",
      "price": 585.61,
      "quantity": 100,
      "order_type": "LIMIT"
    },
    {
      "timestamp": "2025-03-01T09:33:03.172162+00:00",
      "side": "SELL",
      "price": 585.77,
      "quantity": 100,
      "order_type": "LIMIT"
    },
    {
      "timestamp": "2025-03-01T09:33:03.530835+00:00",
      "side": "SELL",
      "price": 585.61,
      "quantity": 18,
      "order_type": "LIMIT"
    },
    {
      "timestamp": "2025-03-01T09:33:03.542662+00:00",
      "side": "BUY",
      "price": 585.15,
      "quantity": 200,
      "order_type": "LIMIT"
    },
    {
      "timestamp": "2025-03-01T09:33:03.561304+00:00",
      "side": "BUY",
      "price": 585.14,
      "quantity": 200,
      "order_type": "LIMIT"
    },
    {
      "timestamp": "2025-03-01T09:33:03.593729+00:00",
      "side": "BUY",
      "price": 585.16,
      "quantity": 200,
      "order_type": "LIMIT"
    },
    {
      "timestamp": "2025-03-01T09:33:04.066351+00:00",
      "side": "SELL",
      "price": 585.62,
      "quantity": 18,
      "order_type": "LIMIT"
    },
    {
      "timestamp": "2025-03-01T09:33:04.711831+00:00",
      "side": "BUY",
      "price": 585.04,
      "quantity": 200,
      "order_type": "LIMIT"
    },
    {
      "timestamp": "2025-03-01T09:33:05.245232+00:00",
      "side": "BUY",
      "price": 585.27,
      "quantity": 201,
      "order_type": "LIMIT"
    },
    {
      "timestamp": "2025-03-01T09:33:05.270958+00:00",
      "side": "BUY",
      "price": 585.27,
      "quantity": 201,
      "order_type": "LIMIT"
    },
    {
      "timestamp": "2025-03-01T09:33:05.320156+00:00",
      "side": "BUY",
      "price": 585.27,
      "quantity": 201,
      "order_type": "LIMIT"
    },
    {
      "timestamp": "2025-03-01T09:33:05.537187+00:00",
      "side": "BUY",
      "price": 585.3,
      "quantity": 178,
      "order_type": "LIMIT"
    },
    {
      "timestamp": "2025-03-01T09:33:06.625113+00:00",
      "side": "SELL",
      "price": 585.62,
      "quantity": 18,
      "order_type": "LIMIT"
    },
    {
      "timestamp": "2025-03-01T09:33:07.370605+00:00",
      "side": "SELL",
      "price": 585.61,
      "quantity": 18,
      "order_type": "LIMIT"
    },
    {
      "timestamp": "2025-03-01T09:33:07.808032+00:00",
      "side": "BUY",
      "price": 585.26,
      "quantity": 151,
      "order_type": "LIMIT"
    },
    {
      "timestamp": "2025-03-01T09:33:09.166324+00:00",
      "side": "BUY",
      "price": 585.39,
      "quantity": 151,
      "order_type": "LIMIT"
    },
    {
      "timestamp": "2025-03-01T09:33:09.365744+00:00",
      "side": "BUY",
      "price": 585.39,
      "quantity": 151,
      "order_type": "LIMIT"
    },
    {
      "timestamp": "2025-03-01T09:33:09.600456+00:00",
      "side": "SELL",
      "price": 585.63,
      "quantity": 18,
      "order_type": "LIMIT"
    },
    {
      "timestamp": "2025-03-01T09:33:09.608540+00:00",
      "side": "BUY",
      "price": 585.18,
      "quantity": 18,
      "order_type": "LIMIT"
    },
    {
      "timestamp": "2025-03-01T09:33:10.263317+00:00",
      "side": "SELL",
      "price": 585.6,
      "quantity": 18,
      "order_type": "LIMIT"
    },
    {
      "timestamp": "2025-03-01T09:33:12.569673+00:00",
      "side": "BUY",
      "price": 585.17,
      "quantity": 18,
      "order_type": "LIMIT"
    },
    {
      "timestamp": "2025-03-01T09:33:14.352969+00:00",
      "side": "SELL",
      "price": 585.61,
      "quantity": 18,
      "order_type": "LIMIT"
    },
    {
      "timestamp": "2025-03-01T09:33:15.845415+00:00",
      "side": "BUY",
      "price": 585.22,
      "quantity": 4,
      "order_type": "LIMIT"
    },
    {
      "timestamp": "2025-03-01T09:33:15.898434+00:00",
      "side": "BUY",
      "price": 585.26,
      "quantity": 8,
      "order_type": "LIMIT"
    },
    {
      "timestamp": "2025-03-01T09:33:16.208210+00:00",
      "side": "BUY",
      "price": 585.15,
      "quantity": 18,
      "order_type": "LIMIT"
    },
    {
      "timestamp": "2025-03-01T09:33:16.729223+00:00",
      "side": "BUY",
      "price": 585.14,
      "quantity": 2,
      "order_type": "LIMIT"
    },
    {
      "timestamp": "2025-03-01T09:33:17.204730+00:00",
      "side": "BUY",
      "price": 585.43,
      "quantity": 100,
      "order_type": "LIMIT"
    },
    {
      "timestamp": "2025-03-01T09:33:17.397892+00:00",
      "side": "BUY",
      "price": 585.43,
      "quantity": 18,
      "order_type": "LIMIT"
    },
    {
      "timestamp": "2025-03-01T09:33:17.400931+00:00",
      "side": "SELL",
      "price": 586.48,
      "quantity": 200,
      "order_type": "LIMIT"
    },
    {
      "timestamp": "2025-03-01T09:33:17.463165+00:00",
      "side": "BUY",
      "price": 585.54,
      "quantity": 18,
      "order_type": "LIMIT"
    },
    {
      "timestamp": "2025-03-01T09:33:17.540218+00:00",
      "side": "SELL",
      "price": 585.97,
      "quantity": 100,
      "order_type": "LIMIT"
    },
    {
      "timestamp": "2025-03-01T09:33:17.765399+00:00",
      "side": "SELL",
      "price": 585.86,
      "quantity": 100,
      "order_type": "LIMIT"
    },
    {
      "timestamp": "2025-03-01T09:33:17.776138+00:00",
      "side": "BUY",
      "price": 585.44,
      "quantity": 200,
      "order_type": "LIMIT"
    },
    {
      "timestamp": "2025-03-01T09:33:17.856221+00:00",
      "side": "SELL",
      "price": 585.94,
      "quantity": 100,
      "order_type": "LIMIT"
    },
    {
      "timestamp": "2025-03-01T09:33:18.098437+00:00",
      "side": "BUY",
      "price": 585.44,
      "quantity": 18,
      "order_type": "LIMIT"
    },
    {
      "timestamp": "2025-03-01T09:33:18.272622+00:00",
      "side": "BUY",
      "price": 585.46,
      "quantity": 6,
      "order_type": "LIMIT"
    },
    {
      "timestamp": "2025-03-01T09:33:18.803891+00:00",
      "side": "BUY",
      "price": 585.57,
      "quantity": 6,
      "order_type": "LIMIT"
    },
    {
      "timestamp": "2025-03-01T09:33:19.175520+00:00",
      "side": "SELL",
      "price": 586.54,
      "quantity": 200,
      "order_type": "LIMIT"
    },
    {
      "timestamp": "2025-03-01T09:33:19.250305+00:00",
      "side": "BUY",
      "price": 585.66,
      "quantity": 18,
      "order_type": "LIMIT"
    },
    {
      "timestamp": "2025-03-01T09:33:19.291342+00:00",
      "side": "SELL",
      "price": 586.74,
      "quantity": 200,
      "order_type": "LIMIT"
    },
    {
      "timestamp": "2025-03-01T09:33:19.345656+00:00",
      "side": "SELL",
      "price": 586.17,
      "quantity": 100,
      "order_type": "LIMIT"
    },
    {
      "timestamp": "2025-03-01T09:33:19.423530+00:00",
      "side": "SELL",
      "price": 586.49,
      "quantity": 200,
      "order_type": "LIMIT"
    },
    {
      "timestamp": "2025-03-01T09:33:19.538996+00:00",
      "side": "BUY",
      "price": 586.07,
      "quantity": 100,
      "order_type": "LIMIT"
    },
    {
      "timestamp": "2025-03-01T09:33:19.734598+00:00",
      "side": "SELL",
      "price": 586.55,
      "quantity": 100,
      "order_type": "LIMIT"
    },
    {
      "timestamp": "2025-03-01T09:33:19.968153+00:00",
      "side": "BUY",
      "price": 586.0,
      "quantity": 20,
      "order_type": "LIMIT"
    },
    {
      "timestamp": "2025-03-01T09:33:20.063644+00:00",
      "side": "BUY",
      "price": 586.23,
      "quantity": 100,
      "order_type": "LIMIT"
    },
    {
      "timestamp": "2025-03-01T09:33:20.070865+00:00",
      "side": "BUY",
      "price": 586.04,
      "quantity": 104,
      "order_type": "LIMIT"
    },
    {
      "timestamp": "2025-03-01T09:33:20.078773+00:00",
      "side": "BUY",
      "price": 586.24,
      "quantity": 18,
      "order_type": "LIMIT"
    },
    {
      "timestamp": "2025-03-01T09:33:20.079713+00:00",
      "side": "BUY",
      "price": 586.35,
      "quantity": 100,
      "order_type": "LIMIT"
    },
    {
      "timestamp": "2025-03-01T09:33:20.103074+00:00",
      "side": "BUY",
      "price": 586.5,
      "quantity": 25,
      "order_type": "LIMIT"
    },
    {
      "timestamp": "2025-03-01T09:33:20.187489+00:00",
      "side": "SELL",
      "price": 586.42,
      "quantity": 30,
      "order_type": "LIMIT"
    },
    {
      "timestamp": "2025-03-01T09:33:20.277607+00:00",
      "side": "SELL",
      "price": 586.67,
      "quantity": 200,
      "order_type": "LIMIT"
    },
    {
      "timestamp": "2025-03-01T09:33:20.295657+00:00",
      "side": "BUY",
      "price": 586.34,
      "quantity": 100,
      "order_type": "LIMIT"
    },
    {
      "timestamp": "2025-03-01T09:33:20.376408+00:00",
      "side": "BUY",
      "price": 586.53,
      "quantity": 100,
      "order_type": "LIMIT"
    },
    {
      "timestamp": "2025-03-01T09:33:20.414220+00:00",
      "side": "BUY",
      "price": 586.06,
      "quantity": 104,
      "order_type": "LIMIT"
    },
    {
      "timestamp": "2025-03-01T09:33:20.431852+00:00",
      "side": "BUY",
      "price": 585.97,
      "quantity": 200,
      "order_type": "LIMIT"
    },
    {
      "timestamp": "2025-03-01T09:33:20.630370+00:00",
      "side": "BUY",
      "price": 586.22,
      "quantity": 100,
      "order_type": "LIMIT"
    },
    {
      "timestamp": "2025-03-01T09:33:20.710025+00:00",
      "side": "BUY",
      "price": 586.35,
      "quantity": 100,
      "order_type": "LIMIT"
    },
    {
      "timestamp": "2025-03-01T09:33:20.717347+00:00",
      "side": "BUY",
      "price": 586.18,
      "quantity": 100,
      "order_type": "LIMIT"
    },
    {
      "timestamp": "2025-03-01T09:33:20.724407+00:00",
      "side": "BUY",
      "price": 586.06,
      "quantity": 104,
      "order_type": "LIMIT"
    },
    {
      "timestamp": "2025-03-01T09:33:20.865159+00:00",
      "side": "BUY",
      "price": 586.2,
      "quantity": 18,
      "order_type": "LIMIT"
    },
    {
      "timestamp": "2025-03-01T09:33:21.123768+00:00",
      "side": "BUY",
      "price": 586.08,
      "quantity": 100,
      "order_type": "LIMIT"
    },
    {
      "timestamp": "2025-03-01T09:33:21.189346+00:00",
      "side": "BUY",
      "price": 586.31,
      "quantity": 100,
      "order_type": "LIMIT"
    },
    {
      "timestamp": "2025-03-01T09:33:21.782752+00:00",
      "side": "BUY",
      "price": 586.33,
      "quantity": 18,
      "order_type": "LIMIT"
    },
    {
      "timestamp": "2025-03-01T09:33:22.598603+00:00",
      "side": "SELL",
      "price": 586.79,
      "quantity": 100,
      "order_type": "LIMIT"
    },
    {
      "timestamp": "2025-03-01T09:33:22.819030+00:00",
      "side": "BUY",
      "price": 586.37,
      "quantity": 18,
      "order_type": "LIMIT"
    },
    {
      "timestamp": "2025-03-01T09:33:23.303930+00:00",
      "side": "BUY",
      "price": 586.3,
      "quantity": 100,
      "order_type": "LIMIT"
    },
    {
      "timestamp": "2025-03-01T09:33:24.192778+00:00",
      "side": "SELL",
      "price": 586.79,
      "quantity": 100,
      "order_type": "LIMIT"
    },
    {
      "timestamp": "2025-03-01T09:33:28.668457+00:00",
      "side": "BUY",
      "price": 586.59,
      "quantity": 200,
      "order_type": "LIMIT"
    },
    {
      "timestamp": "2025-03-01T09:33:29.324648+00:00",
      "side": "BUY",
      "price": 586.71,
      "quantity": 100,
      "order_type": "LIMIT"
    },
    {
      "timestamp": "2025-03-01T09:33:29.364135+00:00",
      "side": "SELL",
      "price": 586.84,
      "quantity": 200,
      "order_type": "LIMIT"
    },
    {
      "timestamp": "2025-03-01T09:33:30.158571+00:00",
      "side": "BUY",
      "price": 586.69,
      "quantity": 18,
      "order_type": "LIMIT"
    },
    {
      "timestamp": "2025-03-01T09:33:30.639747+00:00",
      "side": "BUY",
      "price": 586.71,
      "quantity": 18,
      "order_type": "LIMIT"
    },
    {
      "timestamp": "2025-03-01T09:33:30.653833+00:00",
      "side": "BUY",
      "price": 586.75,
      "quantity": 8,
      "order_type": "LIMIT"
    },
    {
      "timestamp": "2025-03-01T09:33:30.762655+00:00",
      "side": "SELL",
      "price": 587.0,
      "quantity": 100,
      "order_type": "LIMIT"
    },
    {
      "timestamp": "2025-03-01T09:33:30.900303+00:00",
      "side": "SELL",
      "price": 587.05,
      "quantity": 100,
      "order_type": "LIMIT"
    },
    {
      "timestamp": "2025-03-01T09:33:31.729819+00:00",
      "side": "BUY",
      "price": 586.77,
      "quantity": 18,
      "order_type": "LIMIT"
    },
    {
      "timestamp": "2025-03-01T09:33:32.642922+00:00",
      "side": "BUY",
      "price": 586.78,
      "quantity": 18,
      "order_type": "LIMIT"
    },
    {
      "timestamp": "2025-03-01T09:33:32.718016+00:00",
      "side": "SELL",
      "price": 587.06,
      "quantity": 200,
      "order_type": "LIMIT"
    },
    {
      "timestamp": "2025-03-01T09:33:32.849322+00:00",
      "side": "SELL",
      "price": 587.05,
      "quantity": 100,
      "order_type": "LIMIT"
    },
    {
      "timestamp": "2025-03-01T09:33:33.267242+00:00",
      "side": "SELL",
      "price": 587.14,
      "quantity": 200,
      "order_type": "LIMIT"
    },
    {
      "timestamp": "2025-03-01T09:33:33.593365+00:00",
      "side": "BUY",
      "price": 586.78,
      "quantity": 18,
      "order_type": "LIMIT"
    },
    {
      "timestamp": "2025-03-01T09:33:34.097693+00:00",
      "side": "BUY",
      "price": 586.97,
      "quantity": 100,
      "order_type": "LIMIT"
    },
    {
      "timestamp": "2025-03-01T09:33:35.961903+00:00",
      "side": "BUY",
      "price": 586.71,
      "quantity": 100,
      "order_type": "LIMIT"
    },
    {
      "timestamp": "2025-03-01T09:33:36.007007+00:00",
      "side": "BUY",
      "price": 586.82,
      "quantity": 14,
      "order_type": "LIMIT"
    },
    {
      "timestamp": "2025-03-01T09:33:36.616650+00:00",
      "side": "BUY",
      "price": 586.78,
      "quantity": 18,
      "order_type": "LIMIT"
    },
    {
      "timestamp": "2025-03-01T09:33:37.959248+00:00",
      "side": "SELL",
      "price": 587.06,
      "quantity": 100,
      "order_type": "LIMIT"
    },
    {
      "timestamp": "2025-03-01T09:33:39.586562+00:00",
      "side": "BUY",
      "price": 586.65,
      "quantity": 100,
      "order_type": "LIMIT"
    },
    {
      "timestamp": "2025-03-01T09:33:39.603978+00:00",
      "side": "BUY",
      "price": 585.44,
      "quantity": 100,
      "order_type": "LIMIT"
    },
    {
      "timestamp": "2025-03-01T09:33:39.636533+00:00",
      "side": "BUY",
      "price": 586.24,
      "quantity": 200,
      "order_type": "LIMIT"
    },
    {
      "timestamp": "2025-03-01T09:33:39.652489+00:00",
      "side": "BUY",
      "price": 586.27,
      "quantity": 100,
      "order_type": "LIMIT"
    },
    {
      "timestamp": "2025-03-01T09:33:39.661312+00:00",
      "side": "BUY",
      "price": 585.44,
      "quantity": 100,
      "order_type": "LIMIT"
    },
    {
      "timestamp": "2025-03-01T09:33:39.676668+00:00",
      "side": "BUY",
      "price": 586.24,
      "quantity": 200,
      "order_type": "LIMIT"
    },
    {
      "timestamp": "2025-03-01T09:33:39.713701+00:00",
      "side": "SELL",
      "price": 586.65,
      "quantity": 60,
      "order_type": "LIMIT"
    },
    {
      "timestamp": "2025-03-01T09:33:39.730963+00:00",
      "side": "BUY",
      "price": 586.11,
      "quantity": 18,
      "order_type": "LIMIT"
    },
    {
      "timestamp": "2025-03-01T09:33:39.769181+00:00",
      "side": "SELL",
      "price": 587.12,
      "quantity": 100,
      "order_type": "LIMIT"
    },
    {
      "timestamp": "2025-03-01T09:33:40.037013+00:00",
      "side": "SELL",
      "price": 587.41,
      "quantity": 100,
      "order_type": "LIMIT"
    },
    {
      "timestamp": "2025-03-01T09:33:40.062409+00:00",
      "side": "BUY",
      "price": 585.18,
      "quantity": 100,
      "order_type": "LIMIT"
    },
    {
      "timestamp": "2025-03-01T09:33:40.266037+00:00",
      "side": "SELL",
      "price": 586.81,
      "quantity": 100,
      "order_type": "LIMIT"
    },
    {
      "timestamp": "2025-03-01T09:33:40.526907+00:00",
      "side": "BUY",
      "price": 586.0,
      "quantity": 18,
      "order_type": "LIMIT"
    },
    {
      "timestamp": "2025-03-01T09:33:40.564340+00:00",
      "side": "SELL",
      "price": 586.74,
      "quantity": 300,
      "order_type": "LIMIT"
    },
    {
      "timestamp": "2025-03-01T09:33:41.410217+00:00",
      "side": "BUY",
      "price": 586.02,
      "quantity": 18,
      "order_type": "LIMIT"
    },
    {
      "timestamp": "2025-03-01T09:33:41.634597+00:00",
      "side": "SELL",
      "price": 587.0,
      "quantity": 100,
      "order_type": "LIMIT"
    },
    {
      "timestamp": "2025-03-01T09:33:43.014040+00:00",
      "side": "BUY",
      "price": 586.01,
      "quantity": 18,
      "order_type": "LIMIT"
    },
    {
      "timestamp": "2025-03-01T09:33:43.896148+00:00",
      "side": "BUY",
      "price": 586.1,
      "quantity": 18,
      "order_type": "LIMIT"
    },
    {
      "timestamp": "2025-03-01T09:33:45.302660+00:00",
      "side": "BUY",
      "price": 586.16,
      "quantity": 200,
      "order_type": "LIMIT"
    },
    {
      "timestamp": "2025-03-01T09:33:45.314107+00:00",
      "side": "BUY",
      "price": 586.13,
      "quantity": 200,
      "order_type": "LIMIT"
    },
    {
      "timestamp": "2025-03-01T09:33:45.333701+00:00",
      "side": "BUY",
      "price": 586.2,
      "quantity": 200,
      "order_type": "LIMIT"
    },
    {
      "timestamp": "2025-03-01T09:33:46.263018+00:00",
      "side": "BUY",
      "price": 586.19,
      "quantity": 18,
      "order_type": "LIMIT"
    },
    {
      "timestamp": "2025-03-01T09:33:46.825006+00:00",
      "side": "BUY",
      "price": 586.19,
      "quantity": 18,
      "order_type": "LIMIT"
    },
    {
      "timestamp": "2025-03-01T09:33:47.108315+00:00",
      "side": "SELL",
      "price": 586.99,
      "quantity": 10,
      "order_type": "LIMIT"
    },
    {
      "timestamp": "2025-03-01T09:33:51.064322+00:00",
      "side": "BUY",
      "price": 586.29,
      "quantity": 18,
      "order_type": "LIMIT"
    },
    {
      "timestamp": "2025-03-01T09:33:51.083631+00:00",
      "side": "SELL",
      "price": 586.87,
      "quantity": 100,
      "order_type": "LIMIT"
    },
    {
      "timestamp": "2025-03-01T09:33:51.502969+00:00",
      "side": "BUY",
      "price": 586.39,
      "quantity": 100,
      "order_type": "LIMIT"
    },
    {
      "timestamp": "2025-03-01T09:33:52.315790+00:00",
      "side": "SELL",
      "price": 586.73,
      "quantity": 100,
      "order_type": "LIMIT"
    },
    {
      "timestamp": "2025-03-01T09:33:54.138556+00:00",
      "side": "SELL",
      "price": 586.86,
      "quantity": 100,
      "order_type": "LIMIT"
    },
    {
      "timestamp": "2025-03-01T09:33:56.049785+00:00",
      "side": "BUY",
      "price": 586.62,
      "quantity": 100,
      "order_type": "LIMIT"
    },
    {
      "timestamp": "2025-03-01T09:33:56.839250+00:00",
      "side": "BUY",
      "price": 586.73,
      "quantity": 100,
      "order_type": "LIMIT"
    },
    {
      "timestamp": "2025-03-01T09:33:57.259032+00:00",
      "side": "BUY",
      "price": 586.77,
      "quantity": 100,
      "order_type": "LIMIT"
    },
    {
      "timestamp": "2025-03-01T09:33:57.450075+00:00",
      "side": "BUY",
      "price": 586.79,
      "quantity": 100,
      "order_type": "LIMIT"
    },
    {
      "timestamp": "2025-03-01T09:33:57.472669+00:00",
      "side": "BUY",
      "price": 586.77,
      "quantity": 100,
      "order_type": "LIMIT"
    },
    {
      "timestamp": "2025-03-01T09:33:58.324416+00:00",
      "side": "SELL",
      "price": 586.8,
      "quantity": 100,
      "order_type": "LIMIT"
    },
    {
      "timestamp": "2025-03-01T09:33:59.601225+00:00",
      "side": "BUY",
      "price": 586.78,
      "quantity": 100,
      "order_type": "LIMIT"
    },
    {
      "timestamp": "2025-03-01T09:34:00.460504+00:00",
      "side": "BUY",
      "price": 586.82,
      "quantity": 100,
      "order_type": "LIMIT"
    },
    {
      "timestamp": "2025-03-01T09:34:01.066289+00:00",
      "side": "BUY",
      "price": 586.92,
      "quantity": 37,
      "order_type": "LIMIT"
    },
    {
      "timestamp": "2025-03-01T09:34:01.458436+00:00",
      "side": "BUY",
      "price": 586.72,
      "quantity": 200,
      "order_type": "LIMIT"
    },
    {
      "timestamp": "2025-03-01T09:34:01.524100+00:00",
      "side": "BUY",
      "price": 586.85,
      "quantity": 100,
      "order_type": "LIMIT"
    },
    {
      "timestamp": "2025-03-01T09:34:01.529506+00:00",
      "side": "SELL",
      "price": 587.21,
      "quantity": 200,
      "order_type": "LIMIT"
    },
    {
      "timestamp": "2025-03-01T09:34:01.574111+00:00",
      "side": "BUY",
      "price": 586.9,
      "quantity": 18,
      "order_type": "LIMIT"
    },
    {
      "timestamp": "2025-03-01T09:34:01.692843+00:00",
      "side": "BUY",
      "price": 586.77,
      "quantity": 100,
      "order_type": "LIMIT"
    },
    {
      "timestamp": "2025-03-01T09:34:01.732338+00:00",
      "side": "SELL",
      "price": 587.12,
      "quantity": 200,
      "order_type": "LIMIT"
    },
    {
      "timestamp": "2025-03-01T09:34:01.750409+00:00",
      "side": "BUY",
      "price": 586.88,
      "quantity": 18,
      "order_type": "LIMIT"
    },
    {
      "timestamp": "2025-03-01T09:34:01.819235+00:00",
      "side": "SELL",
      "price": 587.12,
      "quantity": 200,
      "order_type": "LIMIT"
    },
    {
      "timestamp": "2025-03-01T09:34:01.853128+00:00",
      "side": "BUY",
      "price": 586.77,
      "quantity": 100,
      "order_type": "LIMIT"
    },
    {
      "timestamp": "2025-03-01T09:34:01.942734+00:00",
      "side": "SELL",
      "price": 587.16,
      "quantity": 100,
      "order_type": "LIMIT"
    },
    {
      "timestamp": "2025-03-01T09:34:01.982473+00:00",
      "side": "SELL",
      "price": 587.21,
      "quantity": 100,
      "order_type": "LIMIT"
    },
    {
      "timestamp": "2025-03-01T09:34:02.096976+00:00",
      "side": "SELL",
      "price": 587.17,
      "quantity": 100,
      "order_type": "LIMIT"
    },
    {
      "timestamp": "2025-03-01T09:34:02.158546+00:00",
      "side": "SELL",
      "price": 587.17,
      "quantity": 100,
      "order_type": "LIMIT"
    },
    {
      "timestamp": "2025-03-01T09:34:02.250497+00:00",
      "side": "SELL",
      "price": 587.21,
      "quantity": 100,
      "order_type": "LIMIT"
    },
    {
      "timestamp": "2025-03-01T09:34:02.317193+00:00",
      "side": "SELL",
      "price": 587.17,
      "quantity": 100,
      "order_type": "LIMIT"
    },
    {
      "timestamp": "2025-03-01T09:34:02.377816+00:00",
      "side": "SELL",
      "price": 587.1,
      "quantity": 100,
      "order_type": "LIMIT"
    },
    {
      "timestamp": "2025-03-01T09:34:02.490785+00:00",
      "side": "SELL",
      "price": 587.12,
      "quantity": 100,
      "order_type": "LIMIT"
    },
    {
      "timestamp": "2025-03-01T09:34:02.785484+00:00",
      "side": "BUY",
      "price": 586.76,
      "quantity": 18,
      "order_type": "LIMIT"
    },
    {
      "timestamp": "2025-03-01T09:34:03.424104+00:00",
      "side": "SELL",
      "price": 587.15,
      "quantity": 100,
      "order_type": "LIMIT"
    },
    {
      "timestamp": "2025-03-01T09:34:03.564147+00:00",
      "side": "SELL",
      "price": 587.09,
      "quantity": 100,
      "order_type": "LIMIT"
    },
    {
      "timestamp": "2025-03-01T09:34:03.603281+00:00",
      "side": "BUY",
      "price": 586.8,
      "quantity": 13,
      "order_type": "LIMIT"
    },
    {
      "timestamp": "2025-03-01T09:34:03.728590+00:00",
      "side": "SELL",
      "price": 587.18,
      "quantity": 100,
      "order_type": "LIMIT"
    },
    {
      "timestamp": "2025-03-01T09:34:04.025740+00:00",
      "side": "BUY",
      "price": 586.76,
      "quantity": 18,
      "order_type": "LIMIT"
    },
    {
      "timestamp": "2025-03-01T09:34:04.146411+00:00",
      "side": "BUY",
      "price": 587.17,
      "quantity": 38,
      "order_type": "LIMIT"
    },
    {
      "timestamp": "2025-03-01T09:34:05.530534+00:00",
      "side": "BUY",
      "price": 587.25,
      "quantity": 100,
      "order_type": "LIMIT"
    },
    {
      "timestamp": "2025-03-01T09:34:05.663464+00:00",
      "side": "BUY",
      "price": 586.3,
      "quantity": 100,
      "order_type": "LIMIT"
    },
    {
      "timestamp": "2025-03-01T09:34:07.704429+00:00",
      "side": "BUY",
      "price": 587.26,
      "quantity": 18,
      "order_type": "LIMIT"
    },
    {
      "timestamp": "2025-03-01T09:34:07.988543+00:00",
      "side": "SELL",
      "price": 587.56,
      "quantity": 100,
      "order_type": "LIMIT"
    },
    {
      "timestamp": "2025-03-01T09:34:08.976899+00:00",
      "side": "SELL",
      "price": 587.41,
      "quantity": 5,
      "order_type": "LIMIT"
    },
    {
      "timestamp": "2025-03-01T09:34:10.607004+00:00",
      "side": "SELL",
      "price": 587.38,
      "quantity": 5,
      "order_type": "LIMIT"
    },
    {
      "timestamp": "2025-03-01T09:34:10.824475+00:00",
      "side": "SELL",
      "price": 587.45,
      "quantity": 100,
      "order_type": "LIMIT"
    },
    {
      "timestamp": "2025-03-01T09:34:11.276781+00:00",
      "side": "BUY",
      "price": 587.24,
      "quantity": 18,
      "order_type": "LIMIT"
    },
    {
      "timestamp": "2025-03-01T09:34:12.221967+00:00",
      "side": "BUY",
      "price": 587.23,
      "quantity": 18,
      "order_type": "LIMIT"
    },
    {
      "timestamp": "2025-03-01T09:34:13.300955+00:00",
      "side": "SELL",
      "price": 587.56,
      "quantity": 200,
      "order_type": "LIMIT"
    },
    {
      "timestamp": "2025-03-01T09:34:14.609438+00:00",
      "side": "SELL",
      "price": 587.45,
      "quantity": 5,
      "order_type": "LIMIT"
    },
    {
      "timestamp": "2025-03-01T09:34:15.524203+00:00",
      "side": "BUY",
      "price": 587.29,
      "quantity": 173,
      "order_type": "LIMIT"
    },
    {
      "timestamp": "2025-03-01T09:34:16.691177+00:00",
      "side": "BUY",
      "price": 587.22,
      "quantity": 100,
      "order_type": "LIMIT"
    },
    {
      "timestamp": "2025-03-01T09:34:17.354163+00:00",
      "side": "BUY",
      "price": 587.34,
      "quantity": 100,
      "order_type": "LIMIT"
    },
    {
      "timestamp": "2025-03-01T09:34:17.560971+00:00",
      "side": "SELL",
      "price": 587.63,
      "quantity": 100,
      "order_type": "LIMIT"
    },
    {
      "timestamp": "2025-03-01T09:34:18.771793+00:00",
      "side": "SELL",
      "price": 587.79,
      "quantity": 100,
      "order_type": "LIMIT"
    },
    {
      "timestamp": "2025-03-01T09:34:19.718125+00:00",
      "side": "BUY",
      "price": 587.21,
      "quantity": 54,
      "order_type": "LIMIT"
    },
    {
      "timestamp": "2025-03-01T09:34:20.795982+00:00",
      "side": "BUY",
      "price": 587.53,
      "quantity": 18,
      "order_type": "LIMIT"
    },
    {
      "timestamp": "2025-03-01T09:34:21.375819+00:00",
      "side": "SELL",
      "price": 587.85,
      "quantity": 100,
      "order_type": "LIMIT"
    },
    {
      "timestamp": "2025-03-01T09:34:23.367878+00:00",
      "side": "SELL",
      "price": 587.78,
      "quantity": 12,
      "order_type": "LIMIT"
    },
    {
      "timestamp": "2025-03-01T09:34:25.462953+00:00",
      "side": "BUY",
      "price": 587.37,
      "quantity": 18,
      "order_type": "LIMIT"
    },
    {
      "timestamp": "2025-03-01T09:34:26.563034+00:00",
      "side": "SELL",
      "price": 587.82,
      "quantity": 200,
      "order_type": "LIMIT"
    },
    {
      "timestamp": "2025-03-01T09:34:26.722979+00:00",
      "side": "BUY",
      "price": 587.32,
      "quantity": 200,
      "order_type": "LIMIT"
    },
    {
      "timestamp": "2025-03-01T09:34:27.700962+00:00",
      "side": "BUY",
      "price": 587.3,
      "quantity": 100,
      "order_type": "LIMIT"
    },
    {
      "timestamp": "2025-03-01T09:34:28.113489+00:00",
      "side": "BUY",
      "price": 587.27,
      "quantity": 100,
      "order_type": "LIMIT"
    },
    {
      "timestamp": "2025-03-01T09:34:28.126840+00:00",
      "side": "BUY",
      "price": 587.29,
      "quantity": 100,
      "order_type": "LIMIT"
    },
    {
      "timestamp": "2025-03-01T09:34:28.978698+00:00",
      "side": "BUY",
      "price": 587.26,
      "quantity": 100,
      "order_type": "LIMIT"
    },
    {
      "timestamp": "2025-03-01T09:34:29.883410+00:00",
      "side": "SELL",
      "price": 587.57,
      "quantity": 200,
      "order_type": "LIMIT"
    },
    {
      "timestamp": "2025-03-01T09:34:31.361216+00:00",
      "side": "SELL",
      "price": 587.49,
      "quantity": 100,
      "order_type": "LIMIT"
    },
    {
      "timestamp": "2025-03-01T09:34:32.291313+00:00",
      "side": "SELL",
      "price": 587.45,
      "quantity": 100,
      "order_type": "LIMIT"
    },
    {
      "timestamp": "2025-03-01T09:34:34.360287+00:00",
      "side": "SELL",
      "price": 587.73,
      "quantity": 100,
      "order_type": "LIMIT"
    },
    {
      "timestamp": "2025-03-01T09:34:36.400240+00:00",
      "side": "BUY",
      "price": 587.07,
      "quantity": 18,
      "order_type": "LIMIT"
    },
    {
      "timestamp": "2025-03-01T09:34:36.419168+00:00",
      "side": "SELL",
      "price": 587.48,
      "quantity": 200,
      "order_type": "LIMIT"
    },
    {
      "timestamp": "2025-03-01T09:34:37.659299+00:00",
      "side": "SELL",
      "price": 587.77,
      "quantity": 100,
      "order_type": "LIMIT"
    },
    {
      "timestamp": "2025-03-01T09:34:37.840533+00:00",
      "side": "BUY",
      "price": 587.12,
      "quantity": 18,
      "order_type": "LIMIT"
    },
    {
      "timestamp": "2025-03-01T09:34:38.457292+00:00",
      "side": "BUY",
      "price": 587.08,
      "quantity": 18,
      "order_type": "LIMIT"
    },
    {
      "timestamp": "2025-03-01T09:34:39.984230+00:00",
      "side": "SELL",
      "price": 587.68,
      "quantity": 200,
      "order_type": "LIMIT"
    },
    {
      "timestamp": "2025-03-01T09:34:41.669607+00:00",
      "side": "SELL",
      "price": 587.67,
      "quantity": 100,
      "order_type": "LIMIT"
    },
    {
      "timestamp": "2025-03-01T09:34:42.013038+00:00",
      "side": "BUY",
      "price": 587.17,
      "quantity": 18,
      "order_type": "LIMIT"
    },
    {
      "timestamp": "2025-03-01T09:34:43.679846+00:00",
      "side": "BUY",
      "price": 587.15,
      "quantity": 18,
      "order_type": "LIMIT"
    },
    {
      "timestamp": "2025-03-01T09:34:45.038425+00:00",
      "side": "BUY",
      "price": 587.21,
      "quantity": 100,
      "order_type": "LIMIT"
    },
    {
      "timestamp": "2025-03-01T09:34:46.956840+00:00",
      "side": "BUY",
      "price": 587.05,
      "quantity": 100,
      "order_type": "LIMIT"
    },
    {
      "timestamp": "2025-03-01T09:34:50.349502+00:00",
      "side": "SELL",
      "price": 587.11,
      "quantity": 5,
      "order_type": "LIMIT"
    },
    {
      "timestamp": "2025-03-01T09:34:51.106677+00:00",
      "side": "SELL",
      "price": 587.42,
      "quantity": 100,
      "order_type": "LIMIT"
    },
    {
      "timestamp": "2025-03-01T09:34:51.357786+00:00",
      "side": "BUY",
      "price": 587.09,
      "quantity": 18,
      "order_type": "LIMIT"
    },
    {
      "timestamp": "2025-03-01T09:34:51.591439+00:00",
      "side": "BUY",
      "price": 587.15,
      "quantity": 18,
      "order_type": "LIMIT"
    },
    {
      "timestamp": "2025-03-01T09:34:53.063830+00:00",
      "side": "SELL",
      "price": 587.53,
      "quantity": 100,
      "order_type": "LIMIT"
    },
    {
      "timestamp": "2025-03-01T09:34:56.201727+00:00",
      "side": "BUY",
      "price": 586.82,
      "quantity": 100,
      "order_type": "LIMIT"
    },
    {
      "timestamp": "2025-03-01T09:34:59.029885+00:00",
      "side": "SELL",
      "price": 587.52,
      "quantity": 200,
      "order_type": "LIMIT"
    },
    {
      "timestamp": "2025-03-01T09:35:02.061939+00:00",
      "side": "SELL",
      "price": 587.4,
      "quantity": 100,
      "order_type": "LIMIT"
    },
    {
      "timestamp": "2025-03-01T09:35:05.618192+00:00",
      "side": "BUY",
      "price": 587.09,
      "quantity": 200,
      "order_type": "LIMIT"
    },
    {
      "timestamp": "2025-03-01T09:35:06.462832+00:00",
      "side": "BUY",
      "price": 587.06,
      "quantity": 100,
      "order_type": "LIMIT"
    },
    {
      "timestamp": "2025-03-01T09:35:06.853608+00:00",
      "side": "SELL",
      "price": 587.22,
      "quantity": 100,
      "order_type": "LIMIT"
    },
    {
      "timestamp": "2025-03-01T09:35:08.781249+00:00",
      "side": "SELL",
      "price": 587.03,
      "quantity": 100,
      "order_type": "LIMIT"
    },
    {
      "timestamp": "2025-03-01T09:35:08.942034+00:00",
      "side": "SELL",
      "price": 586.94,
      "quantity": 300,
      "order_type": "LIMIT"
    },
    {
      "timestamp": "2025-03-01T09:35:12.752421+00:00",
      "side": "BUY",
      "price": 586.8,
      "quantity": 18,
      "order_type": "LIMIT"
    },
    {
      "timestamp": "2025-03-01T09:35:15.825080+00:00",
      "side": "BUY",
      "price": 586.9,
      "quantity": 200,
      "order_type": "LIMIT"
    },
    {
      "timestamp": "2025-03-01T09:35:18.659268+00:00",
      "side": "BUY",
      "price": 586.8,
      "quantity": 10,
      "order_type": "LIMIT"
    },
    {
      "timestamp": "2025-03-01T09:35:24.347611+00:00",
      "side": "BUY",
      "price": 586.8,
      "quantity": 100,
      "order_type": "LIMIT"
    },
    {
      "timestamp": "2025-03-01T09:35:26.027982+00:00",
      "side": "SELL",
      "price": 587.01,
      "quantity": 200,
      "order_type": "LIMIT"
    },
    {
      "timestamp": "2025-03-01T09:35:26.865247+00:00",
      "side": "BUY",
      "price": 586.62,
      "quantity": 18,
      "order_type": "LIMIT"
    },
    {
      "timestamp": "2025-03-01T09:35:27.457952+00:00",
      "side": "SELL",
      "price": 586.99,
      "quantity": 200,
      "order_type": "LIMIT"
    },
    {
      "timestamp": "2025-03-01T09:35:29.261919+00:00",
      "side": "BUY",
      "price": 586.66,
      "quantity": 18,
      "order_type": "LIMIT"
    },
    {
      "timestamp": "2025-03-01T09:35:30.490908+00:00",
      "side": "BUY",
      "price": 586.71,
      "quantity": 18,
      "order_type": "LIMIT"
    },
    {
      "timestamp": "2025-03-01T09:35:30.980479+00:00",
      "side": "SELL",
      "price": 586.77,
      "quantity": 100,
      "order_type": "LIMIT"
    },
    {
      "timestamp": "2025-03-01T09:35:32.218756+00:00",
      "side": "SELL",
      "price": 586.88,
      "quantity": 100,
      "order_type": "LIMIT"
    },
    {
      "timestamp": "2025-03-01T09:35:36.797277+00:00",
      "side": "BUY",
      "price": 586.71,
      "quantity": 10,
      "order_type": "LIMIT"
    },
    {
      "timestamp": "2025-03-01T09:35:42.472743+00:00",
      "side": "BUY",
      "price": 586.62,
      "quantity": 100,
      "order_type": "LIMIT"
    },
    {
      "timestamp": "2025-03-01T09:35:44.226320+00:00",
      "side": "SELL",
      "price": 586.77,
      "quantity": 150,
      "order_type": "LIMIT"
    },
    {
      "timestamp": "2025-03-01T09:35:45.620544+00:00",
      "side": "SELL",
      "price": 586.81,
      "quantity": 200,
      "order_type": "LIMIT"
    },
    {
      "timestamp": "2025-03-01T09:35:47.349879+00:00",
      "side": "SELL",
      "price": 586.86,
      "quantity": 100,
      "order_type": "LIMIT"
    },
    {
      "timestamp": "2025-03-01T09:35:49.058749+00:00",
      "side": "SELL",
      "price": 586.87,
      "quantity": 100,
      "order_type": "LIMIT"
    },
    {
      "timestamp": "2025-03-01T09:35:53.015631+00:00",
      "side": "SELL",
      "price": 586.66,
      "quantity": 100,
      "order_type": "LIMIT"
    },
    {
      "timestamp": "2025-03-01T09:35:56.649745+00:00",
      "side": "SELL",
      "price": 586.53,
      "quantity": 100,
      "order_type": "LIMIT"
    },
    {
      "timestamp": "2025-03-01T09:35:58.619564+00:00",
      "side": "SELL",
      "price": 586.8,
      "quantity": 100,
      "order_type": "LIMIT"
    },
    {
      "timestamp": "2025-03-01T09:36:01.055382+00:00",
      "side": "SELL",
      "price": 586.77,
      "quantity": 6,
      "order_type": "LIMIT"
    },
    {
      "timestamp": "2025-03-01T09:36:01.256132+00:00",
      "side": "SELL",
      "price": 586.9,
      "quantity": 100,
      "order_type": "LIMIT"
    },
    {
      "timestamp": "2025-03-01T09:36:04.401384+00:00",
      "side": "BUY",
      "price": 586.53,
      "quantity": 18,
      "order_type": "LIMIT"
    },
    {
      "timestamp": "2025-03-01T09:36:05.950382+00:00",
      "side": "BUY",
      "price": 586.44,
      "quantity": 100,
      "order_type": "LIMIT"
    },
    {
      "timestamp": "2025-03-01T09:36:06.952563+00:00",
      "side": "BUY",
      "price": 586.51,
      "quantity": 100,
      "order_type": "LIMIT"
    },
    {
      "timestamp": "2025-03-01T09:36:10.180423+00:00",
      "side": "SELL",
      "price": 586.74,
      "quantity": 100,
      "order_type": "LIMIT"
    },
    {
      "timestamp": "2025-03-01T09:36:16.878523+00:00",
      "side": "BUY",
      "price": 586.53,
      "quantity": 18,
      "order_type": "LIMIT"
    },
    {
      "timestamp": "2025-03-01T09:36:17.008172+00:00",
      "side": "BUY",
      "price": 586.46,
      "quantity": 100,
      "order_type": "LIMIT"
    },
    {
      "timestamp": "2025-03-01T09:36:17.192764+00:00",
      "side": "SELL",
      "price": 586.95,
      "quantity": 200,
      "order_type": "LIMIT"
    },
    {
      "timestamp": "2025-03-01T09:36:17.209955+00:00",
      "side": "SELL",
      "price": 586.96,
      "quantity": 100,
      "order_type": "LIMIT"
    },
    {
      "timestamp": "2025-03-01T09:36:17.862979+00:00",
      "side": "BUY",
      "price": 586.55,
      "quantity": 18,
      "order_type": "LIMIT"
    },
    {
      "timestamp": "2025-03-01T09:36:18.221107+00:00",
      "side": "BUY",
      "price": 586.54,
      "quantity": 18,
      "order_type": "LIMIT"
    },
    {
      "timestamp": "2025-03-01T09:36:18.395809+00:00",
      "side": "BUY",
      "price": 586.63,
      "quantity": 18,
      "order_type": "LIMIT"
    },
    {
      "timestamp": "2025-03-01T09:36:18.408064+00:00",
      "side": "BUY",
      "price": 586.61,
      "quantity": 100,
      "order_type": "LIMIT"
    },
    {
      "timestamp": "2025-03-01T09:36:18.903698+00:00",
      "side": "SELL",
      "price": 586.91,
      "quantity": 200,
      "order_type": "LIMIT"
    },
    {
      "timestamp": "2025-03-01T09:36:19.158754+00:00",
      "side": "SELL",
      "price": 586.92,
      "quantity": 200,
      "order_type": "LIMIT"
    },
    {
      "timestamp": "2025-03-01T09:36:19.352227+00:00",
      "side": "SELL",
      "price": 586.91,
      "quantity": 200,
      "order_type": "LIMIT"
    },
    {
      "timestamp": "2025-03-01T09:36:19.511968+00:00",
      "side": "SELL",
      "price": 586.9,
      "quantity": 100,
      "order_type": "LIMIT"
    },
    {
      "timestamp": "2025-03-01T09:36:20.130757+00:00",
      "side": "BUY",
      "price": 586.65,
      "quantity": 18,
      "order_type": "LIMIT"
    },
    {
      "timestamp": "2025-03-01T09:36:21.162249+00:00",
      "side": "BUY",
      "price": 586.58,
      "quantity": 18,
      "order_type": "LIMIT"
    },
    {
      "timestamp": "2025-03-01T09:36:21.818978+00:00",
      "side": "BUY",
      "price": 586.61,
      "quantity": 100,
      "order_type": "LIMIT"
    },
    {
      "timestamp": "2025-03-01T09:36:22.195482+00:00",
      "side": "BUY",
      "price": 586.66,
      "quantity": 100,
      "order_type": "LIMIT"
    },
    {
      "timestamp": "2025-03-01T09:36:23.793905+00:00",
      "side": "BUY",
      "price": 586.67,
      "quantity": 100,
      "order_type": "LIMIT"
    },
    {
      "timestamp": "2025-03-01T09:36:24.075772+00:00",
      "side": "BUY",
      "price": 586.87,
      "quantity": 18,
      "order_type": "LIMIT"
    },
    {
      "timestamp": "2025-03-01T09:36:24.223838+00:00",
      "side": "SELL",
      "price": 587.17,
      "quantity": 200,
      "order_type": "LIMIT"
    },
    {
      "timestamp": "2025-03-01T09:36:24.564706+00:00",
      "side": "BUY",
      "price": 587.0,
      "quantity": 18,
      "order_type": "LIMIT"
    },
    {
      "timestamp": "2025-03-01T09:36:25.135140+00:00",
      "side": "SELL",
      "price": 587.38,
      "quantity": 100,
      "order_type": "LIMIT"
    },
    {
      "timestamp": "2025-03-01T09:36:25.346463+00:00",
      "side": "SELL",
      "price": 587.45,
      "quantity": 100,
      "order_type": "LIMIT"
    },
    {
      "timestamp": "2025-03-01T09:36:26.210610+00:00",
      "side": "SELL",
      "price": 587.42,
      "quantity": 100,
      "order_type": "LIMIT"
    },
    {
      "timestamp": "2025-03-01T09:36:27.122863+00:00",
      "side": "SELL",
      "price": 587.38,
      "quantity": 100,
      "order_type": "LIMIT"
    },
    {
      "timestamp": "2025-03-01T09:36:28.627750+00:00",
      "side": "BUY",
      "price": 586.9,
      "quantity": 18,
      "order_type": "LIMIT"
    },
    {
      "timestamp": "2025-03-01T09:36:29.757713+00:00",
      "side": "SELL",
      "price": 587.45,
      "quantity": 200,
      "order_type": "LIMIT"
    },
    {
      "timestamp": "2025-03-01T09:36:30.623026+00:00",
      "side": "BUY",
      "price": 587.06,
      "quantity": 18,
      "order_type": "LIMIT"
    },
    {
      "timestamp": "2025-03-01T09:36:32.325865+00:00",
      "side": "SELL",
      "price": 587.24,
      "quantity": 100,
      "order_type": "LIMIT"
    },
    {
      "timestamp": "2025-03-01T09:36:34.625762+00:00",
      "side": "SELL",
      "price": 587.42,
      "quantity": 200,
      "order_type": "LIMIT"
    },
    {
      "timestamp": "2025-03-01T09:36:35.234826+00:00",
      "side": "SELL",
      "price": 587.42,
      "quantity": 200,
      "order_type": "LIMIT"
    },
    {
      "timestamp": "2025-03-01T09:36:35.423718+00:00",
      "side": "SELL",
      "price": 587.42,
      "quantity": 200,
      "order_type": "LIMIT"
    },
    {
      "timestamp": "2025-03-01T09:36:35.578765+00:00",
      "side": "SELL",
      "price": 587.42,
      "quantity": 200,
      "order_type": "LIMIT"
    },
    {
      "timestamp": "2025-03-01T09:36:35.670751+00:00",
      "side": "SELL",
      "price": 587.42,
      "quantity": 200,
      "order_type": "LIMIT"
    },
    {
      "timestamp": "2025-03-01T09:36:35.825767+00:00",
      "side": "SELL",
      "price": 587.42,
      "quantity": 200,
      "order_type": "LIMIT"
    },
    {
      "timestamp": "2025-03-01T09:36:35.954213+00:00",
      "side": "SELL",
      "price": 587.44,
      "quantity": 200,
      "order_type": "LIMIT"
    },
    {
      "timestamp": "2025-03-01T09:36:36.100237+00:00",
      "side": "SELL",
      "price": 587.47,
      "quantity": 200,
      "order_type": "LIMIT"
    },
    {
      "timestamp": "2025-03-01T09:36:36.362945+00:00",
      "side": "SELL",
      "price": 587.42,
      "quantity": 200,
      "order_type": "LIMIT"
    },
    {
      "timestamp": "2025-03-01T09:36:36.480137+00:00",
      "side": "BUY",
      "price": 587.16,
      "quantity": 18,
      "order_type": "LIMIT"
    },
    {
      "timestamp": "2025-03-01T09:36:36.624004+00:00",
      "side": "SELL",
      "price": 587.42,
      "quantity": 200,
      "order_type": "LIMIT"
    },
    {
      "timestamp": "2025-03-01T09:36:36.718851+00:00",
      "side": "SELL",
      "price": 587.42,
      "quantity": 200,
      "order_type": "LIMIT"
    },
    {
      "timestamp": "2025-03-01T09:36:36.812298+00:00",
      "side": "SELL",
      "price": 587.44,
      "quantity": 200,
      "order_type": "LIMIT"
    },
    {
      "timestamp": "2025-03-01T09:36:36.977282+00:00",
      "side": "SELL",
      "price": 587.46,
      "quantity": 200,
      "order_type": "LIMIT"
    },
    {
      "timestamp": "2025-03-01T09:36:38.137796+00:00",
      "side": "BUY",
      "price": 587.21,
      "quantity": 18,
      "order_type": "LIMIT"
    },
    {
      "timestamp": "2025-03-01T09:36:39.528840+00:00",
      "side": "SELL",
      "price": 587.49,
      "quantity": 100,
      "order_type": "LIMIT"
    },
    {
      "timestamp": "2025-03-01T09:36:39.919709+00:00",
      "side": "BUY",
      "price": 587.07,
      "quantity": 18,
      "order_type": "LIMIT"
    },
    {
      "timestamp": "2025-03-01T09:36:40.722686+00:00",
      "side": "BUY",
      "price": 586.99,
      "quantity": 18,
      "order_type": "LIMIT"
    },
    {
      "timestamp": "2025-03-01T09:36:41.440803+00:00",
      "side": "BUY",
      "price": 586.98,
      "quantity": 18,
      "order_type": "LIMIT"
    },
    {
      "timestamp": "2025-03-01T09:36:43.019185+00:00",
      "side": "BUY",
      "price": 587.01,
      "quantity": 18,
      "order_type": "LIMIT"
    },
    {
      "timestamp": "2025-03-01T09:36:43.614090+00:00",
      "side": "BUY",
      "price": 586.86,
      "quantity": 18,
      "order_type": "LIMIT"
    },
    {
      "timestamp": "2025-03-01T09:36:44.087555+00:00",
      "side": "SELL",
      "price": 587.39,
      "quantity": 100,
      "order_type": "LIMIT"
    },
    {
      "timestamp": "2025-03-01T09:36:44.669458+00:00",
      "side": "BUY",
      "price": 586.6,
      "quantity": 400,
      "order_type": "LIMIT"
    },
    {
      "timestamp": "2025-03-01T09:36:45.591973+00:00",
      "side": "BUY",
      "price": 586.93,
      "quantity": 18,
      "order_type": "LIMIT"
    },
    {
      "timestamp": "2025-03-01T09:36:47.849146+00:00",
      "side": "BUY",
      "price": 586.62,
      "quantity": 18,
      "order_type": "LIMIT"
    },
    {
      "timestamp": "2025-03-01T09:36:49.787344+00:00",
      "side": "SELL",
      "price": 587.34,
      "quantity": 100,
      "order_type": "LIMIT"
    },
    {
      "timestamp": "2025-03-01T09:36:49.826211+00:00",
      "side": "SELL",
      "price": 587.39,
      "quantity": 100,
      "order_type": "LIMIT"
    },
    {
      "timestamp": "2025-03-01T09:36:50.287158+00:00",
      "side": "BUY",
      "price": 587.19,
      "quantity": 18,
      "order_type": "LIMIT"
    },
    {
      "timestamp": "2025-03-01T09:36:52.708567+00:00",
      "side": "SELL",
      "price": 587.49,
      "quantity": 100,
      "order_type": "LIMIT"
    },
    {
      "timestamp": "2025-03-01T09:36:53.062248+00:00",
      "side": "BUY",
      "price": 587.31,
      "quantity": 18,
      "order_type": "LIMIT"
    },
    {
      "timestamp": "2025-03-01T09:36:53.101988+00:00",
      "side": "BUY",
      "price": 587.17,
      "quantity": 100,
      "order_type": "LIMIT"
    },
    {
      "timestamp": "2025-03-01T09:36:53.217470+00:00",
      "side": "SELL",
      "price": 587.52,
      "quantity": 100,
      "order_type": "LIMIT"
    },
    {
      "timestamp": "2025-03-01T09:36:54.006018+00:00",
      "side": "SELL",
      "price": 587.49,
      "quantity": 100,
      "order_type": "LIMIT"
    },
    {
      "timestamp": "2025-03-01T09:36:54.075927+00:00",
      "side": "SELL",
      "price": 587.49,
      "quantity": 100,
      "order_type": "LIMIT"
    },
    {
      "timestamp": "2025-03-01T09:36:54.657445+00:00",
      "side": "BUY",
      "price": 586.42,
      "quantity": 100,
      "order_type": "LIMIT"
    },
    {
      "timestamp": "2025-03-01T09:36:55.223528+00:00",
      "side": "BUY",
      "price": 586.32,
      "quantity": 100,
      "order_type": "LIMIT"
    },
    {
      "timestamp": "2025-03-01T09:36:59.190984+00:00",
      "side": "BUY",
      "price": 587.26,
      "quantity": 100,
      "order_type": "LIMIT"
    },
    {
      "timestamp": "2025-03-01T09:36:59.761604+00:00",
      "side": "BUY",
      "price": 587.3,
      "quantity": 18,
      "order_type": "LIMIT"
    },
    {
      "timestamp": "2025-03-01T09:36:59.875062+00:00",
      "side": "SELL",
      "price": 587.55,
      "quantity": 897,
      "order_type": "LIMIT"
    },
    {
      "timestamp": "2025-03-01T09:37:01.847386+00:00",
      "side": "SELL",
      "price": 587.62,
      "quantity": 100,
      "order_type": "LIMIT"
    },
    {
      "timestamp": "2025-03-01T09:37:03.510745+00:00",
      "side": "SELL",
      "price": 587.64,
      "quantity": 100,
      "order_type": "LIMIT"
    },
    {
      "timestamp": "2025-03-01T09:37:04.117606+00:00",
      "side": "SELL",
      "price": 587.61,
      "quantity": 5,
      "order_type": "LIMIT"
    },
    {
      "timestamp": "2025-03-01T09:37:04.864783+00:00",
      "side": "SELL",
      "price": 587.67,
      "quantity": 200,
      "order_type": "LIMIT"
    },
    {
      "timestamp": "2025-03-01T09:37:04.886693+00:00",
      "side": "SELL",
      "price": 587.65,
      "quantity": 200,
      "order_type": "LIMIT"
    },
    {
      "timestamp": "2025-03-01T09:37:04.906632+00:00",
      "side": "SELL",
      "price": 587.65,
      "quantity": 200,
      "order_type": "LIMIT"
    },
    {
      "timestamp": "2025-03-01T09:37:04.931206+00:00",
      "side": "SELL",
      "price": 587.65,
      "quantity": 200,
      "order_type": "LIMIT"
    },
    {
      "timestamp": "2025-03-01T09:37:04.951253+00:00",
      "side": "SELL",
      "price": 587.65,
      "quantity": 200,
      "order_type": "LIMIT"
    },
    {
      "timestamp": "2025-03-01T09:37:04.975223+00:00",
      "side": "SELL",
      "price": 587.65,
      "quantity": 200,
      "order_type": "LIMIT"
    },
    {
      "timestamp": "2025-03-01T09:37:08.984762+00:00",
      "side": "SELL",
      "price": 587.56,
      "quantity": 5,
      "order_type": "LIMIT"
    },
    {
      "timestamp": "2025-03-01T09:37:09.215592+00:00",
      "side": "BUY",
      "price": 587.01,
      "quantity": 100,
      "order_type": "LIMIT"
    },
    {
      "timestamp": "2025-03-01T09:37:10.245594+00:00",
      "side": "SELL",
      "price": 587.26,
      "quantity": 100,
      "order_type": "LIMIT"
    },
    {
      "timestamp": "2025-03-01T09:37:11.445492+00:00",
      "side": "SELL",
      "price": 587.24,
      "quantity": 22,
      "order_type": "LIMIT"
    },
    {
      "timestamp": "2025-03-01T09:37:14.128710+00:00",
      "side": "SELL",
      "price": 587.22,
      "quantity": 100,
      "order_type": "LIMIT"
    },
    {
      "timestamp": "2025-03-01T09:37:14.343111+00:00",
      "side": "BUY",
      "price": 587.17,
      "quantity": 100,
      "order_type": "LIMIT"
    },
    {
      "timestamp": "2025-03-01T09:37:14.383037+00:00",
      "side": "SELL",
      "price": 587.41,
      "quantity": 200,
      "order_type": "LIMIT"
    },
    {
      "timestamp": "2025-03-01T09:37:14.462996+00:00",
      "side": "SELL",
      "price": 587.43,
      "quantity": 200,
      "order_type": "LIMIT"
    },
    {
      "timestamp": "2025-03-01T09:37:14.521836+00:00",
      "side": "SELL",
      "price": 587.39,
      "quantity": 200,
      "order_type": "LIMIT"
    },
    {
      "timestamp": "2025-03-01T09:37:14.570235+00:00",
      "side": "SELL",
      "price": 587.39,
      "quantity": 200,
      "order_type": "LIMIT"
    },
    {
      "timestamp": "2025-03-01T09:37:14.616348+00:00",
      "side": "SELL",
      "price": 587.39,
      "quantity": 200,
      "order_type": "LIMIT"
    },
    {
      "timestamp": "2025-03-01T09:37:14.660935+00:00",
      "side": "SELL",
      "price": 587.39,
      "quantity": 200,
      "order_type": "LIMIT"
    },
    {
      "timestamp": "2025-03-01T09:37:14.707061+00:00",
      "side": "SELL",
      "price": 587.39,
      "quantity": 200,
      "order_type": "LIMIT"
    },
    {
      "timestamp": "2025-03-01T09:37:14.843204+00:00",
      "side": "BUY",
      "price": 587.2,
      "quantity": 18,
      "order_type": "LIMIT"
    },
    {
      "timestamp": "2025-03-01T09:37:18.494749+00:00",
      "side": "SELL",
      "price": 587.51,
      "quantity": 200,
      "order_type": "LIMIT"
    },
    {
      "timestamp": "2025-03-01T09:37:20.248818+00:00",
      "side": "SELL",
      "price": 587.4,
      "quantity": 100,
      "order_type": "LIMIT"
    },
    {
      "timestamp": "2025-03-01T09:37:20.462285+00:00",
      "side": "SELL",
      "price": 587.54,
      "quantity": 100,
      "order_type": "LIMIT"
    },
    {
      "timestamp": "2025-03-01T09:37:22.118971+00:00",
      "side": "BUY",
      "price": 587.21,
      "quantity": 18,
      "order_type": "LIMIT"
    },
    {
      "timestamp": "2025-03-01T09:37:23.054663+00:00",
      "side": "BUY",
      "price": 587.13,
      "quantity": 18,
      "order_type": "LIMIT"
    },
    {
      "timestamp": "2025-03-01T09:37:23.448791+00:00",
      "side": "SELL",
      "price": 587.45,
      "quantity": 200,
      "order_type": "LIMIT"
    },
    {
      "timestamp": "2025-03-01T09:37:24.766195+00:00",
      "side": "BUY",
      "price": 587.09,
      "quantity": 18,
      "order_type": "LIMIT"
    },
    {
      "timestamp": "2025-03-01T09:37:26.616682+00:00",
      "side": "BUY",
      "price": 586.46,
      "quantity": 100,
      "order_type": "LIMIT"
    },
    {
      "timestamp": "2025-03-01T09:37:26.950678+00:00",
      "side": "SELL",
      "price": 587.42,
      "quantity": 200,
      "order_type": "LIMIT"
    },
    {
      "timestamp": "2025-03-01T09:37:27.112072+00:00",
      "side": "SELL",
      "price": 587.44,
      "quantity": 200,
      "order_type": "LIMIT"
    },
    {
      "timestamp": "2025-03-01T09:37:27.274143+00:00",
      "side": "SELL",
      "price": 587.44,
      "quantity": 200,
      "order_type": "LIMIT"
    },
    {
      "timestamp": "2025-03-01T09:37:27.437436+00:00",
      "side": "SELL",
      "price": 587.44,
      "quantity": 200,
      "order_type": "LIMIT"
    },
    {
      "timestamp": "2025-03-01T09:37:27.595738+00:00",
      "side": "SELL",
      "price": 587.59,
      "quantity": 100,
      "order_type": "LIMIT"
    },
    {
      "timestamp": "2025-03-01T09:37:28.674765+00:00",
      "side": "BUY",
      "price": 587.0,
      "quantity": 18,
      "order_type": "LIMIT"
    },
    {
      "timestamp": "2025-03-01T09:37:29.385662+00:00",
      "side": "BUY",
      "price": 587.01,
      "quantity": 18,
      "order_type": "LIMIT"
    },
    {
      "timestamp": "2025-03-01T09:37:30.864244+00:00",
      "side": "BUY",
      "price": 587.01,
      "quantity": 18,
      "order_type": "LIMIT"
    },
    {
      "timestamp": "2025-03-01T09:37:31.575774+00:00",
      "side": "BUY",
      "price": 587.01,
      "quantity": 18,
      "order_type": "LIMIT"
    },
    {
      "timestamp": "2025-03-01T09:37:33.396480+00:00",
      "side": "BUY",
      "price": 587.0,
      "quantity": 18,
      "order_type": "LIMIT"
    },
    {
      "timestamp": "2025-03-01T09:37:34.280286+00:00",
      "side": "BUY",
      "price": 586.99,
      "quantity": 18,
      "order_type": "LIMIT"
    },
    {
      "timestamp": "2025-03-01T09:37:36.191115+00:00",
      "side": "BUY",
      "price": 587.01,
      "quantity": 18,
      "order_type": "LIMIT"
    },
    {
      "timestamp": "2025-03-01T09:37:36.916423+00:00",
      "side": "BUY",
      "price": 587.14,
      "quantity": 18,
      "order_type": "LIMIT"
    },
    {
      "timestamp": "2025-03-01T09:37:39.791552+00:00",
      "side": "SELL",
      "price": 587.34,
      "quantity": 100,
      "order_type": "LIMIT"
    },
    {
      "timestamp": "2025-03-01T09:37:40.337140+00:00",
      "side": "BUY",
      "price": 587.1,
      "quantity": 200,
      "order_type": "LIMIT"
    },
    {
      "timestamp": "2025-03-01T09:37:41.545035+00:00",
      "side": "BUY",
      "price": 587.0,
      "quantity": 15,
      "order_type": "LIMIT"
    },
    {
      "timestamp": "2025-03-01T09:37:44.226313+00:00",
      "side": "BUY",
      "price": 587.19,
      "quantity": 18,
      "order_type": "LIMIT"
    },
    {
      "timestamp": "2025-03-01T09:37:45.206393+00:00",
      "side": "BUY",
      "price": 587.17,
      "quantity": 18,
      "order_type": "LIMIT"
    },
    {
      "timestamp": "2025-03-01T09:37:48.195477+00:00",
      "side": "BUY",
      "price": 587.16,
      "quantity": 18,
      "order_type": "LIMIT"
    },
    {
      "timestamp": "2025-03-01T09:37:51.129146+00:00",
      "side": "SELL",
      "price": 587.32,
      "quantity": 100,
      "order_type": "LIMIT"
    },
    {
      "timestamp": "2025-03-01T09:37:53.212051+00:00",
      "side": "BUY",
      "price": 587.16,
      "quantity": 100,
      "order_type": "LIMIT"
    },
    {
      "timestamp": "2025-03-01T09:37:55.224872+00:00",
      "side": "BUY",
      "price": 587.18,
      "quantity": 100,
      "order_type": "LIMIT"
    },
    {
      "timestamp": "2025-03-01T09:37:55.705337+00:00",
      "side": "SELL",
      "price": 587.35,
      "quantity": 100,
      "order_type": "LIMIT"
    },
    {
      "timestamp": "2025-03-01T09:37:55.886971+00:00",
      "side": "SELL",
      "price": 587.29,
      "quantity": 100,
      "order_type": "LIMIT"
    },
    {
      "timestamp": "2025-03-01T09:37:56.542964+00:00",
      "side": "SELL",
      "price": 587.3,
      "quantity": 100,
      "order_type": "LIMIT"
    },
    {
      "timestamp": "2025-03-01T09:37:56.659201+00:00",
      "side": "SELL",
      "price": 587.23,
      "quantity": 100,
      "order_type": "LIMIT"
    },
    {
      "timestamp": "2025-03-01T09:37:57.517672+00:00",
      "side": "SELL",
      "price": 587.24,
      "quantity": 18,
      "order_type": "LIMIT"
    },
    {
      "timestamp": "2025-03-01T09:37:57.626891+00:00",
      "side": "SELL",
      "price": 587.19,
      "quantity": 100,
      "order_type": "LIMIT"
    },
    {
      "timestamp": "2025-03-01T09:37:58.856695+00:00",
      "side": "SELL",
      "price": 587.18,
      "quantity": 100,
      "order_type": "LIMIT"
    },
    {
      "timestamp": "2025-03-01T09:38:00.337226+00:00",
      "side": "BUY",
      "price": 587.01,
      "quantity": 100,
      "order_type": "LIMIT"
    },
    {
      "timestamp": "2025-03-01T09:38:00.984148+00:00",
      "side": "SELL",
      "price": 587.18,
      "quantity": 100,
      "order_type": "LIMIT"
    },
    {
      "timestamp": "2025-03-01T09:38:01.072502+00:00",
      "side": "SELL",
      "price": 587.05,
      "quantity": 100,
      "order_type": "LIMIT"
    },
    {
      "timestamp": "2025-03-01T09:38:01.757926+00:00",
      "side": "SELL",
      "price": 587.01,
      "quantity": 1,
      "order_type": "LIMIT"
    },
    {
      "timestamp": "2025-03-01T09:38:04.192628+00:00",
      "side": "SELL",
      "price": 587.09,
      "quantity": 100,
      "order_type": "LIMIT"
    },
    {
      "timestamp": "2025-03-01T09:38:04.518085+00:00",
      "side": "BUY",
      "price": 586.72,
      "quantity": 18,
      "order_type": "LIMIT"
    },
    {
      "timestamp": "2025-03-01T09:38:05.309241+00:00",
      "side": "SELL",
      "price": 587.04,
      "quantity": 100,
      "order_type": "LIMIT"
    },
    {
      "timestamp": "2025-03-01T09:38:06.897318+00:00",
      "side": "SELL",
      "price": 587.04,
      "quantity": 100,
      "order_type": "LIMIT"
    },
    {
      "timestamp": "2025-03-01T09:38:08.315995+00:00",
      "side": "SELL",
      "price": 586.92,
      "quantity": 49,
      "order_type": "LIMIT"
    },
    {
      "timestamp": "2025-03-01T09:38:09.013501+00:00",
      "side": "BUY",
      "price": 586.81,
      "quantity": 18,
      "order_type": "LIMIT"
    },
    {
      "timestamp": "2025-03-01T09:38:09.672319+00:00",
      "side": "SELL",
      "price": 587.07,
      "quantity": 200,
      "order_type": "LIMIT"
    },
    {
      "timestamp": "2025-03-01T09:38:13.051580+00:00",
      "side": "SELL",
      "price": 586.89,
      "quantity": 1,
      "order_type": "LIMIT"
    },
    {
      "timestamp": "2025-03-01T09:38:15.725916+00:00",
      "side": "SELL",
      "price": 587.05,
      "quantity": 100,
      "order_type": "LIMIT"
    },
    {
      "timestamp": "2025-03-01T09:38:15.880943+00:00",
      "side": "SELL",
      "price": 586.94,
      "quantity": 100,
      "order_type": "LIMIT"
    },
    {
      "timestamp": "2025-03-01T09:38:16.720935+00:00",
      "side": "SELL",
      "price": 587.0,
      "quantity": 100,
      "order_type": "LIMIT"
    },
    {
      "timestamp": "2025-03-01T09:38:18.892387+00:00",
      "side": "SELL",
      "price": 586.86,
      "quantity": 100,
      "order_type": "LIMIT"
    },
    {
      "timestamp": "2025-03-01T09:38:19.364441+00:00",
      "side": "SELL",
      "price": 586.86,
      "quantity": 100,
      "order_type": "LIMIT"
    },
    {
      "timestamp": "2025-03-01T09:38:21.735710+00:00",
      "side": "SELL",
      "price": 586.8,
      "quantity": 100,
      "order_type": "LIMIT"
    },
    {
      "timestamp": "2025-03-01T09:38:22.433233+00:00",
      "side": "SELL",
      "price": 586.77,
      "quantity": 100,
      "order_type": "LIMIT"
    },
    {
      "timestamp": "2025-03-01T09:38:23.881167+00:00",
      "side": "SELL",
      "price": 586.68,
      "quantity": 100,
      "order_type": "LIMIT"
    },
    {
      "timestamp": "2025-03-01T09:38:25.035288+00:00",
      "side": "BUY",
      "price": 586.42,
      "quantity": 5,
      "order_type": "LIMIT"
    },
    {
      "timestamp": "2025-03-01T09:38:26.207156+00:00",
      "side": "BUY",
      "price": 586.42,
      "quantity": 100,
      "order_type": "LIMIT"
    },
    {
      "timestamp": "2025-03-01T09:38:26.328449+00:00",
      "side": "BUY",
      "price": 586.16,
      "quantity": 100,
      "order_type": "LIMIT"
    },
    {
      "timestamp": "2025-03-01T09:38:26.620831+00:00",
      "side": "SELL",
      "price": 586.58,
      "quantity": 100,
      "order_type": "LIMIT"
    },
    {
      "timestamp": "2025-03-01T09:38:28.984584+00:00",
      "side": "SELL",
      "price": 586.32,
      "quantity": 200,
      "order_type": "LIMIT"
    },
    {
      "timestamp": "2025-03-01T09:38:29.281846+00:00",
      "side": "SELL",
      "price": 586.31,
      "quantity": 100,
      "order_type": "LIMIT"
    },
    {
      "timestamp": "2025-03-01T09:38:29.821373+00:00",
      "side": "SELL",
      "price": 586.3,
      "quantity": 100,
      "order_type": "LIMIT"
    },
    {
      "timestamp": "2025-03-01T09:38:29.887368+00:00",
      "side": "SELL",
      "price": 586.41,
      "quantity": 100,
      "order_type": "LIMIT"
    },
    {
      "timestamp": "2025-03-01T09:38:30.990408+00:00",
      "side": "BUY",
      "price": 586.11,
      "quantity": 100,
      "order_type": "LIMIT"
    },
    {
      "timestamp": "2025-03-01T09:38:31.502926+00:00",
      "side": "SELL",
      "price": 586.34,
      "quantity": 200,
      "order_type": "LIMIT"
    },
    {
      "timestamp": "2025-03-01T09:38:32.684626+00:00",
      "side": "BUY",
      "price": 585.66,
      "quantity": 100,
      "order_type": "LIMIT"
    },
    {
      "timestamp": "2025-03-01T09:38:34.152827+00:00",
      "side": "BUY",
      "price": 585.82,
      "quantity": 100,
      "order_type": "LIMIT"
    },
    {
      "timestamp": "2025-03-01T09:38:34.282798+00:00",
      "side": "SELL",
      "price": 585.94,
      "quantity": 100,
      "order_type": "LIMIT"
    },
    {
      "timestamp": "2025-03-01T09:38:34.835142+00:00",
      "side": "SELL",
      "price": 586.05,
      "quantity": 100,
      "order_type": "LIMIT"
    },
    {
      "timestamp": "2025-03-01T09:38:34.851630+00:00",
      "side": "SELL",
      "price": 585.97,
      "quantity": 200,
      "order_type": "LIMIT"
    },
    {
      "timestamp": "2025-03-01T09:38:34.915766+00:00",
      "side": "SELL",
      "price": 585.92,
      "quantity": 100,
      "order_type": "LIMIT"
    },
    {
      "timestamp": "2025-03-01T09:38:34.934181+00:00",
      "side": "SELL",
      "price": 585.92,
      "quantity": 100,
      "order_type": "LIMIT"
    },
    {
      "timestamp": "2025-03-01T09:38:34.943138+00:00",
      "side": "SELL",
      "price": 585.92,
      "quantity": 100,
      "order_type": "LIMIT"
    },
    {
      "timestamp": "2025-03-01T09:38:35.058809+00:00",
      "side": "SELL",
      "price": 585.92,
      "quantity": 100,
      "order_type": "LIMIT"
    },
    {
      "timestamp": "2025-03-01T09:38:35.099742+00:00",
      "side": "SELL",
      "price": 585.99,
      "quantity": 100,
      "order_type": "LIMIT"
    },
    {
      "timestamp": "2025-03-01T09:38:35.613078+00:00",
      "side": "SELL",
      "price": 585.98,
      "quantity": 100,
      "order_type": "LIMIT"
    },
    {
      "timestamp": "2025-03-01T09:38:35.668123+00:00",
      "side": "SELL",
      "price": 585.98,
      "quantity": 100,
      "order_type": "LIMIT"
    },
    {
      "timestamp": "2025-03-01T09:38:35.729013+00:00",
      "side": "SELL",
      "price": 585.96,
      "quantity": 100,
      "order_type": "LIMIT"
    },
    {
      "timestamp": "2025-03-01T09:38:35.762931+00:00",
      "side": "SELL",
      "price": 586.02,
      "quantity": 100,
      "order_type": "LIMIT"
    },
    {
      "timestamp": "2025-03-01T09:38:35.800963+00:00",
      "side": "SELL",
      "price": 585.96,
      "quantity": 100,
      "order_type": "LIMIT"
    },
    {
      "timestamp": "2025-03-01T09:38:36.204627+00:00",
      "side": "SELL",
      "price": 586.03,
      "quantity": 100,
      "order_type": "LIMIT"
    },
    {
      "timestamp": "2025-03-01T09:38:37.563603+00:00",
      "side": "SELL",
      "price": 585.7,
      "quantity": 87,
      "order_type": "LIMIT"
    },
    {
      "timestamp": "2025-03-01T09:38:38.076885+00:00",
      "side": "BUY",
      "price": 585.53,
      "quantity": 100,
      "order_type": "LIMIT"
    },
    {
      "timestamp": "2025-03-01T09:38:38.506659+00:00",
      "side": "SELL",
      "price": 585.96,
      "quantity": 200,
      "order_type": "LIMIT"
    },
    {
      "timestamp": "2025-03-01T09:38:38.532988+00:00",
      "side": "SELL",
      "price": 585.92,
      "quantity": 200,
      "order_type": "LIMIT"
    },
    {
      "timestamp": "2025-03-01T09:38:39.238210+00:00",
      "side": "SELL",
      "price": 585.92,
      "quantity": 100,
      "order_type": "LIMIT"
    },
    {
      "timestamp": "2025-03-01T09:38:42.410393+00:00",
      "side": "BUY",
      "price": 585.5,
      "quantity": 100,
      "order_type": "LIMIT"
    },
    {
      "timestamp": "2025-03-01T09:38:46.147906+00:00",
      "side": "SELL",
      "price": 585.92,
      "quantity": 100,
      "order_type": "LIMIT"
    },
    {
      "timestamp": "2025-03-01T09:38:49.541545+00:00",
      "side": "SELL",
      "price": 585.73,
      "quantity": 14,
      "order_type": "LIMIT"
    },
    {
      "timestamp": "2025-03-01T09:38:53.157843+00:00",
      "side": "SELL",
      "price": 585.92,
      "quantity": 100,
      "order_type": "LIMIT"
    },
    {
      "timestamp": "2025-03-01T09:38:55.178478+00:00",
      "side": "SELL",
      "price": 586.21,
      "quantity": 200,
      "order_type": "LIMIT"
    },
    {
      "timestamp": "2025-03-01T09:38:55.427383+00:00",
      "side": "SELL",
      "price": 586.21,
      "quantity": 200,
      "order_type": "LIMIT"
    },
    {
      "timestamp": "2025-03-01T09:38:56.088271+00:00",
      "side": "SELL",
      "price": 586.18,
      "quantity": 200,
      "order_type": "LIMIT"
    },
    {
      "timestamp": "2025-03-01T09:38:56.150397+00:00",
      "side": "SELL",
      "price": 586.16,
      "quantity": 200,
      "order_type": "LIMIT"
    },
    {
      "timestamp": "2025-03-01T09:38:56.163865+00:00",
      "side": "SELL",
      "price": 586.17,
      "quantity": 200,
      "order_type": "LIMIT"
    },
    {
      "timestamp": "2025-03-01T09:38:56.227441+00:00",
      "side": "SELL",
      "price": 586.17,
      "quantity": 200,
      "order_type": "LIMIT"
    },
    {
      "timestamp": "2025-03-01T09:38:56.292528+00:00",
      "side": "SELL",
      "price": 586.18,
      "quantity": 200,
      "order_type": "LIMIT"
    },
    {
      "timestamp": "2025-03-01T09:38:56.364833+00:00",
      "side": "SELL",
      "price": 586.18,
      "quantity": 200,
      "order_type": "LIMIT"
    },
    {
      "timestamp": "2025-03-01T09:38:56.427999+00:00",
      "side": "SELL",
      "price": 586.18,
      "quantity": 200,
      "order_type": "LIMIT"
    },
    {
      "timestamp": "2025-03-01T09:38:56.951447+00:00",
      "side": "SELL",
      "price": 586.16,
      "quantity": 200,
      "order_type": "LIMIT"
    },
    {
      "timestamp": "2025-03-01T09:38:57.018800+00:00",
      "side": "SELL",
      "price": 586.16,
      "quantity": 200,
      "order_type": "LIMIT"
    },
    {
      "timestamp": "2025-03-01T09:38:57.090763+00:00",
      "side": "SELL",
      "price": 586.16,
      "quantity": 200,
      "order_type": "LIMIT"
    },
    {
      "timestamp": "2025-03-01T09:38:57.173539+00:00",
      "side": "SELL",
      "price": 586.17,
      "quantity": 200,
      "order_type": "LIMIT"
    },
    {
      "timestamp": "2025-03-01T09:38:57.243892+00:00",
      "side": "SELL",
      "price": 586.17,
      "quantity": 200,
      "order_type": "LIMIT"
    },
    {
      "timestamp": "2025-03-01T09:38:57.304294+00:00",
      "side": "SELL",
      "price": 586.17,
      "quantity": 200,
      "order_type": "LIMIT"
    },
    {
      "timestamp": "2025-03-01T09:38:57.376574+00:00",
      "side": "SELL",
      "price": 586.17,
      "quantity": 200,
      "order_type": "LIMIT"
    },
    {
      "timestamp": "2025-03-01T09:38:57.441167+00:00",
      "side": "SELL",
      "price": 586.16,
      "quantity": 200,
      "order_type": "LIMIT"
    },
    {
      "timestamp": "2025-03-01T09:38:57.513865+00:00",
      "side": "SELL",
      "price": 586.16,
      "quantity": 200,
      "order_type": "LIMIT"
    },
    {
      "timestamp": "2025-03-01T09:38:57.579659+00:00",
      "side": "SELL",
      "price": 586.17,
      "quantity": 200,
      "order_type": "LIMIT"
    },
    {
      "timestamp": "2025-03-01T09:38:57.652553+00:00",
      "side": "SELL",
      "price": 586.17,
      "quantity": 200,
      "order_type": "LIMIT"
    },
    {
      "timestamp": "2025-03-01T09:38:57.714882+00:00",
      "side": "SELL",
      "price": 586.16,
      "quantity": 200,
      "order_type": "LIMIT"
    },
    {
      "timestamp": "2025-03-01T09:38:57.776952+00:00",
      "side": "SELL",
      "price": 586.16,
      "quantity": 200,
      "order_type": "LIMIT"
    },
    {
      "timestamp": "2025-03-01T09:38:57.839972+00:00",
      "side": "SELL",
      "price": 586.16,
      "quantity": 200,
      "order_type": "LIMIT"
    },
    {
      "timestamp": "2025-03-01T09:39:00.582779+00:00",
      "side": "BUY",
      "price": 585.35,
      "quantity": 100,
      "order_type": "LIMIT"
    },
    {
      "timestamp": "2025-03-01T09:39:01.231576+00:00",
      "side": "SELL",
      "price": 585.99,
      "quantity": 18,
      "order_type": "LIMIT"
    },
    {
      "timestamp": "2025-03-01T09:39:02.076392+00:00",
      "side": "SELL",
      "price": 585.94,
      "quantity": 18,
      "order_type": "LIMIT"
    },
    {
      "timestamp": "2025-03-01T09:39:04.371364+00:00",
      "side": "BUY",
      "price": 585.75,
      "quantity": 100,
      "order_type": "LIMIT"
    },
    {
      "timestamp": "2025-03-01T09:39:08.358293+00:00",
      "side": "SELL",
      "price": 586.16,
      "quantity": 18,
      "order_type": "LIMIT"
    },
    {
      "timestamp": "2025-03-01T09:39:09.236722+00:00",
      "side": "SELL",
      "price": 586.09,
      "quantity": 18,
      "order_type": "LIMIT"
    },
    {
      "timestamp": "2025-03-01T09:39:09.671795+00:00",
      "side": "SELL",
      "price": 585.96,
      "quantity": 25,
      "order_type": "LIMIT"
    },
    {
      "timestamp": "2025-03-01T09:39:11.844778+00:00",
      "side": "BUY",
      "price": 585.85,
      "quantity": 100,
      "order_type": "LIMIT"
    },
    {
      "timestamp": "2025-03-01T09:39:14.601013+00:00",
      "side": "SELL",
      "price": 586.07,
      "quantity": 100,
      "order_type": "LIMIT"
    },
    {
      "timestamp": "2025-03-01T09:39:15.769642+00:00",
      "side": "BUY",
      "price": 585.7,
      "quantity": 100,
      "order_type": "LIMIT"
    },
    {
      "timestamp": "2025-03-01T09:39:17.700259+00:00",
      "side": "SELL",
      "price": 586.03,
      "quantity": 100,
      "order_type": "LIMIT"
    },
    {
