{
  "AAPL": [
    {
      "timestamp": "2025-03-01T09:30:00.201518+00:00",
      "side": "SELL",
      "price": 585.93,
      "quantity": 100,
      "order_type": "LIMIT"
    },
    {
      "timestamp": "2025-03-01T09:30:00.271740+00:00",
      "side": "BUY",
      "price": 585.65,
      "quantity": 5,
      "order_type": "LIMIT"
    },
    {
      "timestamp": "2025-03-01T09:30:00.275087+00:00",
      "side": "BUY",
      "price": 585.25,
      "quantity": 100,
      "order_type": "LIMIT"
    },
    {
      "timestamp": "2025-03-01T09:30:00.419090+00:00",
      "side": "SELL",
      "price": 585.92,
      "quantity": 18,
      "order_type": "LIMIT"
    },
    {
      "timestamp": "2025-03-01T09:30:00.834769+00:00",
      "side": "BUY",
      "price": 585.45,
      "quantity": 100,
      "order_type": "LIMIT"
    },
    {
      "timestamp": "2025-03-01T09:30:01.016169+00:00",
      "side": "BUY",
      "price": 585.54,
      "quantity": 100,
      "order_type": "LIMIT"
    },
    {
      "timestamp": "2025-03-01T09:30:01.151828+00:00",
      "side": "BUY",
      "price": 585.5,
      "quantity": 5,
      "order_type": "LIMIT"
    },
    {
      "timestamp": "2025-03-01T09:30:01.151828+00:00",
      "side": "SELL",
      "price": 586.0,
      "quantity": 50,
      "order_type": "LIMIT"
    },
    {
      "timestamp": "2025-03-01T09:30:01.173141+00:00",
      "side": "SELL",
      "price": 585.86,
      "quantity": 5,
      "order_type": "LIMIT"
    },
    {
      "timestamp": "2025-03-01T09:30:01.422204+00:00",
      "side": "SELL",
      "price": 585.89,
      "quantity": 200,
      "order_type": "LIMIT"
    },
    {
      "timestamp": "2025-03-01T09:30:01.840852+00:00",
      "side": "SELL",
      "price": 585.8,
      "quantity": 18,
      "order_type": "LIMIT"
    },
    {
      "timestamp": "2025-03-01T09:30:02.269698+00:00",
      "side": "BUY",
      "price": 585.44,
      "quantity": 100,
      "order_type": "LIMIT"
    },
    {
      "timestamp": "2025-03-01T09:30:02.579213+00:00",
      "side": "BUY",
      "price": 585.47,
      "quantity": 100,
      "order_type": "LIMIT"
    },
    {
      "timestamp": "2025-03-01T09:30:03.089492+00:00",
      "side": "SELL",
      "price": 585.68,
      "quantity": 18,
      "order_type": "LIMIT"
    },
    {
      "timestamp": "2025-03-01T09:30:03.407505+00:00",
      "side": "SELL",
      "price": 585.69,
      "quantity": 18,
      "order_type": "LIMIT"
    },
    {
      "timestamp": "2025-03-01T09:30:04.363630+00:00",
      "side": "BUY",
      "price": 585.47,
      "quantity": 18,
      "order_type": "LIMIT"
    },
    {
      "timestamp": "2025-03-01T09:30:04.894275+00:00",
      "side": "BUY",
      "price": 585.5,
      "quantity": 18,
      "order_type": "LIMIT"
    },
    {
      "timestamp": "2025-03-01T09:30:06.290893+00:00",
      "side": "BUY",
      "price": 585.48,
      "quantity": 53,
      "order_type": "LIMIT"
    },
    {
      "timestamp": "2025-03-01T09:30:08.483067+00:00",
      "side": "BUY",
      "price": 585.49,
      "quantity": 100,
      "order_type": "LIMIT"
    },
    {
      "timestamp": "2025-03-01T09:30:09.808503+00:00",
      "side": "BUY",
      "price": 585.49,
      "quantity": 66,
      "order_type": "LIMIT"
    },
    {
      "timestamp": "2025-03-01T09:30:10.131593+00:00",
      "side": "SELL",
      "price": 585.68,
      "quantity": 18,
      "order_type": "LIMIT"
    },
    {
      "timestamp": "2025-03-01T09:30:11.226850+00:00",
      "side": "SELL",
      "price": 585.58,
      "quantity": 18,
      "order_type": "LIMIT"
    },
    {
      "timestamp": "2025-03-01T09:30:12.057110+00:00",
      "side": "SELL",
      "price": 585.52,
      "quantity": 18,
      "order_type": "LIMIT"
    },
    {
      "timestamp": "2025-03-01T09:30:13.897097+00:00",
      "side": "SELL",
      "price": 585.43,
      "quantity": 320,
      "order_type": "LIMIT"
    },
    {
      "timestamp": "2025-03-01T09:30:18.299372+00:00",
      "side": "SELL",
      "price": 585.67,
      "quantity": 18,
      "order_type": "LIMIT"
    },
    {
      "timestamp": "2025-03-01T09:30:19.517859+00:00",
      "side": "SELL",
      "price": 585.67,
      "quantity": 18,
      "order_type": "LIMIT"
    },
    {
      "timestamp": "2025-03-01T09:30:22.670365+00:00",
      "side": "BUY",
      "price": 585.4,
      "quantity": 100,
      "order_type": "LIMIT"
    },
    {
      "timestamp": "2025-03-01T09:30:26.365315+00:00",
      "side": "BUY",
      "price": 585.36,
      "quantity": 125,
      "order_type": "LIMIT"
    },
    {
      "timestamp": "2025-03-01T09:30:27.449997+00:00",
      "side": "SELL",
      "price": 585.65,
      "quantity": 18,
      "order_type": "LIMIT"
    },
    {
      "timestamp": "2025-03-01T09:30:28.076487+00:00",
      "side": "BUY",
      "price": 585.54,
      "quantity": 18,
      "order_type": "LIMIT"
    },
    {
      "timestamp": "2025-03-01T09:30:29.950383+00:00",
      "side": "BUY",
      "price": 585.48,
      "quantity": 8,
      "order_type": "LIMIT"
    },
    {
      "timestamp": "2025-03-01T09:30:30.352604+00:00",
      "side": "SELL",
      "price": 585.8,
      "quantity": 18,
      "order_type": "LIMIT"
    },
    {
      "timestamp": "2025-03-01T09:30:32.507321+00:00",
      "side": "SELL",
      "price": 585.77,
      "quantity": 18,
      "order_type": "LIMIT"
    },
    {
      "timestamp": "2025-03-01T09:30:33.612153+00:00",
      "side": "SELL",
      "price": 585.77,
      "quantity": 18,
      "order_type": "LIMIT"
    },
    {
      "timestamp": "2025-03-01T09:30:33.868801+00:00",
      "side": "SELL",
      "price": 585.8,
      "quantity": 18,
      "order_type": "LIMIT"
    },
    {
      "timestamp": "2025-03-01T09:30:34.385690+00:00",
      "side": "BUY",
      "price": 585.55,
      "quantity": 15,
      "order_type": "LIMIT"
    },
    {
      "timestamp": "2025-03-01T09:30:34.754310+00:00",
      "side": "BUY",
      "price": 585.53,
      "quantity": 18,
      "order_type": "LIMIT"
    },
    {
      "timestamp": "2025-03-01T09:30:35.925124+00:00",
      "side": "BUY",
      "price": 585.56,
      "quantity": 18,
      "order_type": "LIMIT"
    },
    {
      "timestamp": "2025-03-01T09:30:37.328772+00:00",
      "side": "BUY",
      "price": 585.53,
      "quantity": 18,
      "order_type": "LIMIT"
    },
    {
      "timestamp": "2025-03-01T09:30:39.262396+00:00",
      "side": "SELL",
      "price": 585.72,
      "quantity": 18,
      "order_type": "LIMIT"
    },
    {
      "timestamp": "2025-03-01T09:30:42.320936+00:00",
      "side": "SELL",
      "price": 585.5,
      "quantity": 18,
      "order_type": "LIMIT"
    },
    {
      "timestamp": "2025-03-01T09:30:43.467384+00:00",
      "side": "SELL",
      "price": 585.51,
      "quantity": 18,
      "order_type": "LIMIT"
    },
    {
      "timestamp": "2025-03-01T09:30:46.689431+00:00",
      "side": "SELL",
      "price": 585.52,
      "quantity": 18,
      "order_type": "LIMIT"
    },
    {
      "timestamp": "2025-03-01T09:30:46.964710+00:00",
      "side": "BUY",
      "price": 585.16,
      "quantity": 12,
      "order_type": "LIMIT"
    },
    {
      "timestamp": "2025-03-01T09:30:47.530053+00:00",
      "side": "SELL",
      "price": 585.51,
      "quantity": 100,
      "order_type": "LIMIT"
    },
    {
      "timestamp": "2025-03-01T09:30:47.613549+00:00",
      "side": "SELL",
      "price": 585.75,
      "quantity": 100,
      "order_type": "LIMIT"
    },
    {
      "timestamp": "2025-03-01T09:30:47.904658+00:00",
      "side": "SELL",
      "price": 585.69,
      "quantity": 100,
      "order_type": "LIMIT"
    },
    {
      "timestamp": "2025-03-01T09:30:51.444030+00:00",
      "side": "BUY",
      "price": 585.41,
      "quantity": 18,
      "order_type": "LIMIT"
    },
    {
      "timestamp": "2025-03-01T09:30:52.024057+00:00",
      "side": "BUY",
      "price": 585.36,
      "quantity": 18,
      "order_type": "LIMIT"
    },
    {
      "timestamp": "2025-03-01T09:30:52.031701+00:00",
      "side": "SELL",
      "price": 585.78,
      "quantity": 100,
      "order_type": "LIMIT"
    },
    {
      "timestamp": "2025-03-01T09:30:53.196124+00:00",
      "side": "BUY",
      "price": 585.23,
      "quantity": 100,
      "order_type": "LIMIT"
    },
    {
      "timestamp": "2025-03-01T09:30:54.624248+00:00",
      "side": "BUY",
      "price": 585.0,
      "quantity": 50,
      "order_type": "LIMIT"
    },
    {
      "timestamp": "2025-03-01T09:30:56.585965+00:00",
      "side": "BUY",
      "price": 585.36,
      "quantity": 6,
      "order_type": "LIMIT"
    },
    {
      "timestamp": "2025-03-01T09:30:57.005635+00:00",
      "side": "SELL",
      "price": 585.63,
      "quantity": 18,
      "order_type": "LIMIT"
    },
    {
      "timestamp": "2025-03-01T09:30:57.725621+00:00",
      "side": "BUY",
      "price": 585.38,
      "quantity": 6,
      "order_type": "LIMIT"
    },
    {
      "timestamp": "2025-03-01T09:30:59.263557+00:00",
      "side": "BUY",
      "price": 585.35,
      "quantity": 18,
      "order_type": "LIMIT"
    },
    {
      "timestamp": "2025-03-01T09:30:59.714078+00:00",
      "side": "SELL",
      "price": 585.64,
      "quantity": 100,
      "order_type": "LIMIT"
    },
    {
      "timestamp": "2025-03-01T09:30:59.893721+00:00",
      "side": "BUY",
      "price": 585.21,
      "quantity": 100,
      "order_type": "LIMIT"
    },
    {
      "timestamp": "2025-03-01T09:30:59.905336+00:00",
      "side": "BUY",
      "price": 585.26,
      "quantity": 100,
      "order_type": "LIMIT"
    },
    {
      "timestamp": "2025-03-01T09:31:00.191909+00:00",
      "side": "BUY",
      "price": 585.36,
      "quantity": 100,
      "order_type": "LIMIT"
    },
    {
      "timestamp": "2025-03-01T09:31:00.939935+00:00",
      "side": "SELL",
      "price": 585.61,
      "quantity": 16,
      "order_type": "LIMIT"
    },
    {
      "timestamp": "2025-03-01T09:31:01.534739+00:00",
      "side": "BUY",
      "price": 585.34,
      "quantity": 18,
      "order_type": "LIMIT"
    },
    {
      "timestamp": "2025-03-01T09:31:01.828016+00:00",
      "side": "SELL",
      "price": 585.64,
      "quantity": 100,
      "order_type": "LIMIT"
    },
    {
      "timestamp": "2025-03-01T09:31:02.530186+00:00",
      "side": "BUY",
      "price": 585.21,
      "quantity": 100,
      "order_type": "LIMIT"
    },
    {
      "timestamp": "2025-03-01T09:31:03.612379+00:00",
      "side": "BUY",
      "price": 585.39,
      "quantity": 18,
      "order_type": "LIMIT"
    },
    {
      "timestamp": "2025-03-01T09:31:04.536337+00:00",
      "side": "BUY",
      "price": 585.3,
      "quantity": 100,
      "order_type": "LIMIT"
    },
    {
      "timestamp": "2025-03-01T09:31:05.697769+00:00",
      "side": "BUY",
      "price": 585.33,
      "quantity": 18,
      "order_type": "LIMIT"
    },
    {
      "timestamp": "2025-03-01T09:31:07.155126+00:00",
      "side": "BUY",
      "price": 585.34,
      "quantity": 18,
      "order_type": "LIMIT"
    },
    {
      "timestamp": "2025-03-01T09:31:10.085101+00:00",
      "side": "BUY",
      "price": 585.34,
      "quantity": 18,
      "order_type": "LIMIT"
    },
    {
      "timestamp": "2025-03-01T09:31:10.232460+00:00",
      "side": "SELL",
      "price": 585.62,
      "quantity": 100,
      "order_type": "LIMIT"
    },
    {
      "timestamp": "2025-03-01T09:31:10.599503+00:00",
      "side": "BUY",
      "price": 585.24,
      "quantity": 18,
      "order_type": "LIMIT"
    },
    {
      "timestamp": "2025-03-01T09:31:11.850956+00:00",
      "side": "BUY",
      "price": 585.34,
      "quantity": 200,
      "order_type": "LIMIT"
    },
    {
      "timestamp": "2025-03-01T09:31:13.408912+00:00",
      "side": "BUY",
      "price": 585.37,
      "quantity": 18,
      "order_type": "LIMIT"
    },
    {
      "timestamp": "2025-03-01T09:31:14.651451+00:00",
      "side": "BUY",
      "price": 585.51,
      "quantity": 100,
      "order_type": "LIMIT"
    },
    {
      "timestamp": "2025-03-01T09:31:17.788581+00:00",
      "side": "SELL",
      "price": 585.65,
      "quantity": 100,
      "order_type": "LIMIT"
    },
    {
      "timestamp": "2025-03-01T09:31:18.684699+00:00",
      "side": "SELL",
      "price": 585.62,
      "quantity": 100,
      "order_type": "LIMIT"
    },
    {
      "timestamp": "2025-03-01T09:31:19.593812+00:00",
      "side": "SELL",
      "price": 585.62,
      "quantity": 100,
      "order_type": "LIMIT"
    },
    {
      "timestamp": "2025-03-01T09:31:20.955880+00:00",
      "side": "SELL",
      "price": 585.6,
      "quantity": 100,
      "order_type": "LIMIT"
    },
    {
      "timestamp": "2025-03-01T09:31:21.337079+00:00",
      "side": "BUY",
      "price": 585.04,
      "quantity": 35,
      "order_type": "LIMIT"
    },
    {
      "timestamp": "2025-03-01T09:31:21.461529+00:00",
      "side": "SELL",
      "price": 585.63,
      "quantity": 100,
      "order_type": "LIMIT"
    },
    {
      "timestamp": "2025-03-01T09:31:22.680358+00:00",
      "side": "BUY",
      "price": 585.44,
      "quantity": 20,
      "order_type": "LIMIT"
    },
    {
      "timestamp": "2025-03-01T09:31:24.220297+00:00",
      "side": "BUY",
      "price": 585.3,
      "quantity": 18,
      "order_type": "LIMIT"
    },
    {
      "timestamp": "2025-03-01T09:31:24.374246+00:00",
      "side": "SELL",
      "price": 585.56,
      "quantity": 18,
      "order_type": "LIMIT"
    },
    {
      "timestamp": "2025-03-01T09:31:24.647148+00:00",
      "side": "BUY",
      "price": 585.04,
      "quantity": 35,
      "order_type": "LIMIT"
    },
    {
      "timestamp": "2025-03-01T09:31:25.250011+00:00",
      "side": "SELL",
      "price": 585.51,
      "quantity": 100,
      "order_type": "LIMIT"
    },
    {
      "timestamp": "2025-03-01T09:31:25.882144+00:00",
      "side": "SELL",
      "price": 585.47,
      "quantity": 100,
      "order_type": "LIMIT"
    },
    {
      "timestamp": "2025-03-01T09:31:26.080598+00:00",
      "side": "SELL",
      "price": 585.42,
      "quantity": 100,
      "order_type": "LIMIT"
    },
    {
      "timestamp": "2025-03-01T09:31:26.936080+00:00",
      "side": "SELL",
      "price": 585.41,
      "quantity": 100,
      "order_type": "LIMIT"
    },
    {
      "timestamp": "2025-03-01T09:31:27.291978+00:00",
      "side": "BUY",
      "price": 585.04,
      "quantity": 35,
      "order_type": "LIMIT"
    },
    {
      "timestamp": "2025-03-01T09:31:27.723529+00:00",
      "side": "BUY",
      "price": 585.23,
      "quantity": 18,
      "order_type": "LIMIT"
    },
    {
      "timestamp": "2025-03-01T09:31:27.727979+00:00",
      "side": "BUY",
      "price": 585.06,
      "quantity": 200,
      "order_type": "LIMIT"
    },
    {
      "timestamp": "2025-03-01T09:31:27.851037+00:00",
      "side": "SELL",
      "price": 585.48,
      "quantity": 18,
      "order_type": "LIMIT"
    },
    {
      "timestamp": "2025-03-01T09:31:27.940645+00:00",
      "side": "SELL",
      "price": 585.07,
      "quantity": 50,
      "order_type": "LIMIT"
    },
    {
      "timestamp": "2025-03-01T09:31:27.993590+00:00",
      "side": "BUY",
      "price": 585.0,
      "quantity": 3,
      "order_type": "LIMIT"
    },
    {
      "timestamp": "2025-03-01T09:31:28.724858+00:00",
      "side": "SELL",
      "price": 585.02,
      "quantity": 100,
      "order_type": "LIMIT"
    },
    {
      "timestamp": "2025-03-01T09:31:28.733619+00:00",
      "side": "SELL",
      "price": 584.99,
      "quantity": 100,
      "order_type": "LIMIT"
    },
    {
      "timestamp": "2025-03-01T09:31:30.329091+00:00",
      "side": "BUY",
      "price": 584.71,
      "quantity": 5,
      "order_type": "LIMIT"
    },
    {
      "timestamp": "2025-03-01T09:31:31.383497+00:00",
      "side": "SELL",
      "price": 585.82,
      "quantity": 100,
      "order_type": "LIMIT"
    },
    {
      "timestamp": "2025-03-01T09:31:31.809314+00:00",
      "side": "SELL",
      "price": 584.86,
      "quantity": 100,
      "order_type": "LIMIT"
    },
    {
      "timestamp": "2025-03-01T09:31:36.171067+00:00",
      "side": "SELL",
      "price": 584.94,
      "quantity": 100,
      "order_type": "LIMIT"
    },
    {
      "timestamp": "2025-03-01T09:31:40.415513+00:00",
      "side": "BUY",
      "price": 584.57,
      "quantity": 20,
      "order_type": "LIMIT"
    },
    {
      "timestamp": "2025-03-01T09:31:45.099681+00:00",
      "side": "SELL",
      "price": 585.05,
      "quantity": 20,
      "order_type": "LIMIT"
    },
    {
      "timestamp": "2025-03-01T09:31:45.111919+00:00",
      "side": "SELL",
      "price": 585.1,
      "quantity": 20,
      "order_type": "LIMIT"
    },
    {
      "timestamp": "2025-03-01T09:31:45.118491+00:00",
      "side": "SELL",
      "price": 585.23,
      "quantity": 100,
      "order_type": "LIMIT"
    },
    {
      "timestamp": "2025-03-01T09:31:45.126703+00:00",
      "side": "SELL",
      "price": 585.2,
      "quantity": 100,
      "order_type": "LIMIT"
    },
    {
      "timestamp": "2025-03-01T09:31:45.198090+00:00",
      "side": "SELL",
      "price": 585.27,
      "quantity": 200,
      "order_type": "LIMIT"
    },
    {
      "timestamp": "2025-03-01T09:31:46.003545+00:00",
      "side": "SELL",
      "price": 585.45,
      "quantity": 18,
      "order_type": "LIMIT"
    },
    {
      "timestamp": "2025-03-01T09:31:47.284578+00:00",
      "side": "SELL",
      "price": 585.35,
      "quantity": 200,
      "order_type": "LIMIT"
    },
    {
      "timestamp": "2025-03-01T09:31:49.451456+00:00",
      "side": "SELL",
      "price": 585.05,
      "quantity": 100,
      "order_type": "LIMIT"
    },
    {
      "timestamp": "2025-03-01T09:31:49.627125+00:00",
      "side": "SELL",
      "price": 585.03,
      "quantity": 1,
      "order_type": "LIMIT"
    },
    {
      "timestamp": "2025-03-01T09:31:49.994817+00:00",
      "side": "SELL",
      "price": 585.39,
      "quantity": 1,
      "order_type": "LIMIT"
    },
    {
      "timestamp": "2025-03-01T09:31:50.005237+00:00",
      "side": "SELL",
      "price": 585.33,
      "quantity": 18,
      "order_type": "LIMIT"
    },
    {
      "timestamp": "2025-03-01T09:31:50.155076+00:00",
      "side": "SELL",
      "price": 585.04,
      "quantity": 1,
      "order_type": "LIMIT"
    },
    {
      "timestamp": "2025-03-01T09:31:50.324364+00:00",
      "side": "SELL",
      "price": 585.05,
      "quantity": 100,
      "order_type": "LIMIT"
    },
    {
      "timestamp": "2025-03-01T09:31:50.998137+00:00",
      "side": "SELL",
      "price": 585.37,
      "quantity": 18,
      "order_type": "LIMIT"
    },
    {
      "timestamp": "2025-03-01T09:31:51.298657+00:00",
      "side": "SELL",
      "price": 585.05,
      "quantity": 100,
      "order_type": "LIMIT"
    },
    {
      "timestamp": "2025-03-01T09:31:51.550232+00:00",
      "side": "SELL",
      "price": 585.39,
      "quantity": 1,
      "order_type": "LIMIT"
    },
    {
      "timestamp": "2025-03-01T09:31:51.652984+00:00",
      "side": "SELL",
      "price": 585.24,
      "quantity": 1,
      "order_type": "LIMIT"
    },
    {
      "timestamp": "2025-03-01T09:31:52.167283+00:00",
      "side": "SELL",
      "price": 585.04,
      "quantity": 100,
      "order_type": "LIMIT"
    },
    {
      "timestamp": "2025-03-01T09:31:52.367842+00:00",
      "side": "SELL",
      "price": 585.03,
      "quantity": 1,
      "order_type": "LIMIT"
    },
    {
      "timestamp": "2025-03-01T09:31:52.769108+00:00",
      "side": "SELL",
      "price": 585.04,
      "quantity": 100,
      "order_type": "LIMIT"
    },
    {
      "timestamp": "2025-03-01T09:31:53.002264+00:00",
      "side": "SELL",
      "price": 585.04,
      "quantity": 100,
      "order_type": "LIMIT"
    },
    {
      "timestamp": "2025-03-01T09:31:54.098327+00:00",
      "side": "SELL",
      "price": 585.04,
      "quantity": 100,
      "order_type": "LIMIT"
    },
    {
      "timestamp": "2025-03-01T09:31:54.290244+00:00",
      "side": "SELL",
      "price": 585.23,
      "quantity": 2,
      "order_type": "LIMIT"
    },
    {
      "timestamp": "2025-03-01T09:31:54.521860+00:00",
      "side": "SELL",
      "price": 585.21,
      "quantity": 200,
      "order_type": "LIMIT"
    },
    {
      "timestamp": "2025-03-01T09:31:55.173230+00:00",
      "side": "SELL",
      "price": 585.15,
      "quantity": 2,
      "order_type": "LIMIT"
    },
    {
      "timestamp": "2025-03-01T09:31:55.695280+00:00",
      "side": "SELL",
      "price": 585.29,
      "quantity": 100,
      "order_type": "LIMIT"
    },
    {
      "timestamp": "2025-03-01T09:31:56.995503+00:00",
      "side": "SELL",
      "price": 585.15,
      "quantity": 100,
      "order_type": "LIMIT"
    },
    {
      "timestamp": "2025-03-01T09:31:58.153058+00:00",
      "side": "SELL",
      "price": 585.35,
      "quantity": 100,
      "order_type": "LIMIT"
    },
    {
      "timestamp": "2025-03-01T09:31:58.973000+00:00",
      "side": "SELL",
      "price": 585.3,
      "quantity": 100,
      "order_type": "LIMIT"
    },
    {
      "timestamp": "2025-03-01T09:32:02.248089+00:00",
      "side": "BUY",
      "price": 584.99,
      "quantity": 100,
      "order_type": "LIMIT"
    },
    {
      "timestamp": "2025-03-01T09:32:04.663287+00:00",
      "side": "BUY",
      "price": 585.03,
      "quantity": 100,
      "order_type": "LIMIT"
    },
    {
      "timestamp": "2025-03-01T09:32:08.027025+00:00",
      "side": "BUY",
      "price": 584.97,
      "quantity": 100,
      "order_type": "LIMIT"
    },
    {
      "timestamp": "2025-03-01T09:32:08.709020+00:00",
      "side": "SELL",
      "price": 585.26,
      "quantity": 100,
      "order_type": "LIMIT"
    },
    {
      "timestamp": "2025-03-01T09:32:09.838636+00:00",
      "side": "SELL",
      "price": 585.42,
      "quantity": 100,
      "order_type": "LIMIT"
    },
    {
      "timestamp": "2025-03-01T09:32:10.257105+00:00",
      "side": "SELL",
      "price": 585.54,
      "quantity": 100,
      "order_type": "LIMIT"
    },
    {
      "timestamp": "2025-03-01T09:32:12.880456+00:00",
      "side": "BUY",
      "price": 584.95,
      "quantity": 100,
      "order_type": "LIMIT"
    },
    {
      "timestamp": "2025-03-01T09:32:15.333933+00:00",
      "side": "BUY",
      "price": 584.92,
      "quantity": 100,
      "order_type": "LIMIT"
    },
    {
      "timestamp": "2025-03-01T09:32:17.246026+00:00",
      "side": "SELL",
      "price": 585.32,
      "quantity": 200,
      "order_type": "LIMIT"
    },
    {
      "timestamp": "2025-03-01T09:32:22.425981+00:00",
      "side": "SELL",
      "price": 585.21,
      "quantity": 100,
      "order_type": "LIMIT"
    },
    {
      "timestamp": "2025-03-01T09:32:26.692424+00:00",
      "side": "SELL",
      "price": 585.32,
      "quantity": 18,
      "order_type": "LIMIT"
    },
    {
      "timestamp": "2025-03-01T09:32:26.868077+00:00",
      "side": "SELL",
      "price": 585.2,
      "quantity": 1,
      "order_type": "LIMIT"
    },
    {
      "timestamp": "2025-03-01T09:32:27.208569+00:00",
      "side": "SELL",
      "price": 585.32,
      "quantity": 1,
      "order_type": "LIMIT"
    },
    {
      "timestamp": "2025-03-01T09:32:27.442451+00:00",
      "side": "SELL",
      "price": 585.32,
      "quantity": 1,
      "order_type": "LIMIT"
    },
    {
      "timestamp": "2025-03-01T09:32:29.012090+00:00",
      "side": "BUY",
      "price": 584.74,
      "quantity": 100,
      "order_type": "LIMIT"
    },
    {
      "timestamp": "2025-03-01T09:32:29.857877+00:00",
      "side": "SELL",
      "price": 585.2,
      "quantity": 1,
      "order_type": "LIMIT"
    },
    {
      "timestamp": "2025-03-01T09:32:34.956151+00:00",
      "side": "BUY",
      "price": 584.61,
      "quantity": 200,
      "order_type": "LIMIT"
    },
    {
      "timestamp": "2025-03-01T09:32:40.126063+00:00",
      "side": "SELL",
      "price": 585.15,
      "quantity": 1,
      "order_type": "LIMIT"
    },
    {
      "timestamp": "2025-03-01T09:32:41.353246+00:00",
      "side": "BUY",
      "price": 584.8,
      "quantity": 20,
      "order_type": "LIMIT"
    },
    {
      "timestamp": "2025-03-01T09:32:44.417555+00:00",
      "side": "SELL",
      "price": 585.13,
      "quantity": 200,
      "order_type": "LIMIT"
    },
    {
      "timestamp": "2025-03-01T09:32:44.563664+00:00",
      "side": "BUY",
      "price": 584.97,
      "quantity": 100,
      "order_type": "LIMIT"
    },
    {
      "timestamp": "2025-03-01T09:32:45.491114+00:00",
      "side": "SELL",
      "price": 585.19,
      "quantity": 200,
      "order_type": "LIMIT"
    },
    {
      "timestamp": "2025-03-01T09:32:49.204456+00:00",
      "side": "BUY",
      "price": 584.97,
      "quantity": 100,
      "order_type": "LIMIT"
    },
    {
      "timestamp": "2025-03-01T09:32:52.816663+00:00",
      "side": "SELL",
      "price": 585.09,
      "quantity": 100,
      "order_type": "LIMIT"
    },
    {
      "timestamp": "2025-03-01T09:32:55.020578+00:00",
      "side": "BUY",
      "price": 585.06,
      "quantity": 100,
      "order_type": "LIMIT"
    },
    {
      "timestamp": "2025-03-01T09:32:55.943423+00:00",
      "side": "SELL",
      "price": 585.76,
      "quantity": 200,
      "order_type": "LIMIT"
    },
    {
      "timestamp": "2025-03-01T09:32:55.950751+00:00",
      "side": "BUY",
      "price": 584.97,
      "quantity": 200,
      "order_type": "LIMIT"
    },
    {
      "timestamp": "2025-03-01T09:32:56.020502+00:00",
      "side": "BUY",
      "price": 585.22,
      "quantity": 100,
      "order_type": "LIMIT"
    },
    {
      "timestamp": "2025-03-01T09:32:56.025471+00:00",
      "side": "BUY",
      "price": 585.19,
      "quantity": 100,
      "order_type": "LIMIT"
    },
    {
      "timestamp": "2025-03-01T09:32:56.034498+00:00",
      "side": "BUY",
      "price": 585.22,
      "quantity": 100,
      "order_type": "LIMIT"
    },
    {
      "timestamp": "2025-03-01T09:32:56.105891+00:00",
      "side": "SELL",
      "price": 585.43,
      "quantity": 200,
      "order_type": "LIMIT"
    },
    {
      "timestamp": "2025-03-01T09:32:56.479956+00:00",
      "side": "BUY",
      "price": 585.24,
      "quantity": 100,
      "order_type": "LIMIT"
    },
    {
      "timestamp": "2025-03-01T09:32:56.632058+00:00",
      "side": "SELL",
      "price": 585.47,
      "quantity": 200,
      "order_type": "LIMIT"
    },
    {
      "timestamp": "2025-03-01T09:32:58.207187+00:00",
      "side": "BUY",
      "price": 585.27,
      "quantity": 253,
      "order_type": "LIMIT"
    },
    {
      "timestamp": "2025-03-01T09:32:59.294684+00:00",
      "side": "SELL",
      "price": 585.58,
      "quantity": 100,
      "order_type": "LIMIT"
    },
    {
      "timestamp": "2025-03-01T09:32:59.872097+00:00",
      "side": "SELL",
      "price": 585.69,
      "quantity": 200,
      "order_type": "LIMIT"
    },
    {
      "timestamp": "2025-03-01T09:33:00.659886+00:00",
      "side": "BUY",
      "price": 585.41,
      "quantity": 75,
      "order_type": "LIMIT"
    },
    {
      "timestamp": "2025-03-01T09:33:02.319634+00:00",
      "side": "BUY",
      "price": 585.5,
      "quantity": 98,
      "order_type": "LIMIT"
    },
    {
      "timestamp": "2025-03-01T09:33:03.271963+00:00",
      "side": "SELL",
      "price": 585.57,
      "quantity": 100,
      "order_type": "LIMIT"
    },
    {
      "timestamp": "2025-03-01T09:33:03.530876+00:00",
      "side": "SELL",
      "price": 585.62,
      "quantity": 18,
      "order_type": "LIMIT"
    },
    {
      "timestamp": "2025-03-01T09:33:03.543772+00:00",
      "side": "BUY",
      "price": 585.14,
      "quantity": 200,
      "order_type": "LIMIT"
    },
    {
      "timestamp": "2025-03-01T09:33:03.565495+00:00",
      "side": "BUY",
      "price": 585.15,
      "quantity": 200,
      "order_type": "LIMIT"
    },
    {
      "timestamp": "2025-03-01T09:33:03.594670+00:00",
      "side": "BUY",
      "price": 585.17,
      "quantity": 200,
      "order_type": "LIMIT"
    },
    {
      "timestamp": "2025-03-01T09:33:04.066370+00:00",
      "side": "SELL",
      "price": 585.63,
      "quantity": 18,
      "order_type": "LIMIT"
    },
    {
      "timestamp": "2025-03-01T09:33:04.726352+00:00",
      "side": "BUY",
      "price": 585.13,
      "quantity": 100,
      "order_type": "LIMIT"
    },
    {
      "timestamp": "2025-03-01T09:33:05.247514+00:00",
      "side": "BUY",
      "price": 585.27,
      "quantity": 201,
      "order_type": "LIMIT"
    },
    {
      "timestamp": "2025-03-01T09:33:05.273198+00:00",
      "side": "BUY",
      "price": 585.27,
      "quantity": 201,
      "order_type": "LIMIT"
    },
    {
      "timestamp": "2025-03-01T09:33:05.322855+00:00",
      "side": "BUY",
      "price": 585.27,
      "quantity": 201,
      "order_type": "LIMIT"
    },
    {
      "timestamp": "2025-03-01T09:33:05.892551+00:00",
      "side": "BUY",
      "price": 585.13,
      "quantity": 100,
      "order_type": "LIMIT"
    },
    {
      "timestamp": "2025-03-01T09:33:06.625130+00:00",
      "side": "SELL",
      "price": 585.63,
      "quantity": 18,
      "order_type": "LIMIT"
    },
    {
      "timestamp": "2025-03-01T09:33:07.370628+00:00",
      "side": "SELL",
      "price": 585.62,
      "quantity": 18,
      "order_type": "LIMIT"
    },
    {
      "timestamp": "2025-03-01T09:33:07.809837+00:00",
      "side": "SELL",
      "price": 585.71,
      "quantity": 200,
      "order_type": "LIMIT"
    },
    {
      "timestamp": "2025-03-01T09:33:09.168608+00:00",
      "side": "BUY",
      "price": 585.39,
      "quantity": 151,
      "order_type": "LIMIT"
    },
    {
      "timestamp": "2025-03-01T09:33:09.368002+00:00",
      "side": "BUY",
      "price": 585.39,
      "quantity": 151,
      "order_type": "LIMIT"
    },
    {
      "timestamp": "2025-03-01T09:33:09.600499+00:00",
      "side": "SELL",
      "price": 585.61,
      "quantity": 18,
      "order_type": "LIMIT"
    },
    {
      "timestamp": "2025-03-01T09:33:09.619326+00:00",
      "side": "BUY",
      "price": 585.12,
      "quantity": 200,
      "order_type": "LIMIT"
    },
    {
      "timestamp": "2025-03-01T09:33:10.263350+00:00",
      "side": "SELL",
      "price": 585.61,
      "quantity": 18,
      "order_type": "LIMIT"
    },
    {
      "timestamp": "2025-03-01T09:33:12.607086+00:00",
      "side": "SELL",
      "price": 585.56,
      "quantity": 18,
      "order_type": "LIMIT"
    },
    {
      "timestamp": "2025-03-01T09:33:14.353005+00:00",
      "side": "SELL",
      "price": 585.62,
      "quantity": 18,
      "order_type": "LIMIT"
    },
    {
      "timestamp": "2025-03-01T09:33:15.849392+00:00",
      "side": "SELL",
      "price": 585.61,
      "quantity": 18,
      "order_type": "LIMIT"
    },
    {
      "timestamp": "2025-03-01T09:33:15.898923+00:00",
      "side": "BUY",
      "price": 585.29,
      "quantity": 8,
      "order_type": "LIMIT"
    },
    {
      "timestamp": "2025-03-01T09:33:16.208247+00:00",
      "side": "BUY",
      "price": 585.17,
      "quantity": 18,
      "order_type": "LIMIT"
    },
    {
      "timestamp": "2025-03-01T09:33:16.749932+00:00",
      "side": "BUY",
      "price": 585.43,
      "quantity": 13,
      "order_type": "LIMIT"
    },
    {
      "timestamp": "2025-03-01T09:33:17.306069+00:00",
      "side": "BUY",
      "price": 585.3,
      "quantity": 20,
      "order_type": "LIMIT"
    },
    {
      "timestamp": "2025-03-01T09:33:17.397926+00:00",
      "side": "BUY",
      "price": 585.44,
      "quantity": 18,
      "order_type": "LIMIT"
    },
    {
      "timestamp": "2025-03-01T09:33:17.401491+00:00",
      "side": "BUY",
      "price": 585.31,
      "quantity": 20,
      "order_type": "LIMIT"
    },
    {
      "timestamp": "2025-03-01T09:33:17.463210+00:00",
      "side": "BUY",
      "price": 585.56,
      "quantity": 18,
      "order_type": "LIMIT"
    },
    {
      "timestamp": "2025-03-01T09:33:17.545546+00:00",
      "side": "SELL",
      "price": 585.88,
      "quantity": 100,
      "order_type": "LIMIT"
    },
    {
      "timestamp": "2025-03-01T09:33:17.765429+00:00",
      "side": "BUY",
      "price": 585.44,
      "quantity": 18,
      "order_type": "LIMIT"
    },
    {
      "timestamp": "2025-03-01T09:33:17.781499+00:00",
      "side": "BUY",
      "price": 585.42,
      "quantity": 100,
      "order_type": "LIMIT"
    },
    {
      "timestamp": "2025-03-01T09:33:17.861090+00:00",
      "side": "SELL",
      "price": 585.85,
      "quantity": 100,
      "order_type": "LIMIT"
    },
    {
      "timestamp": "2025-03-01T09:33:18.098482+00:00",
      "side": "BUY",
      "price": 585.46,
      "quantity": 6,
      "order_type": "LIMIT"
    },
    {
      "timestamp": "2025-03-01T09:33:18.284021+00:00",
      "side": "BUY",
      "price": 585.34,
      "quantity": 200,
      "order_type": "LIMIT"
    },
    {
      "timestamp": "2025-03-01T09:33:19.119679+00:00",
      "side": "BUY",
      "price": 585.58,
      "quantity": 100,
      "order_type": "LIMIT"
    },
    {
      "timestamp": "2025-03-01T09:33:19.179712+00:00",
      "side": "SELL",
      "price": 586.56,
      "quantity": 200,
      "order_type": "LIMIT"
    },
    {
      "timestamp": "2025-03-01T09:33:19.252011+00:00",
      "side": "SELL",
      "price": 586.09,
      "quantity": 200,
      "order_type": "LIMIT"
    },
    {
      "timestamp": "2025-03-01T09:33:19.291519+00:00",
      "side": "SELL",
      "price": 586.24,
      "quantity": 200,
      "order_type": "LIMIT"
    },
    {
      "timestamp": "2025-03-01T09:33:19.367463+00:00",
      "side": "SELL",
      "price": 586.23,
      "quantity": 200,
      "order_type": "LIMIT"
    },
    {
      "timestamp": "2025-03-01T09:33:19.424648+00:00",
      "side": "SELL",
      "price": 586.53,
      "quantity": 100,
      "order_type": "LIMIT"
    },
    {
      "timestamp": "2025-03-01T09:33:19.585223+00:00",
      "side": "BUY",
      "price": 586.33,
      "quantity": 50,
      "order_type": "LIMIT"
    },
    {
      "timestamp": "2025-03-01T09:33:19.734712+00:00",
      "side": "BUY",
      "price": 586.2,
      "quantity": 100,
      "order_type": "LIMIT"
    },
    {
      "timestamp": "2025-03-01T09:33:20.022099+00:00",
      "side": "BUY",
      "price": 586.2,
      "quantity": 100,
      "order_type": "LIMIT"
    },
    {
      "timestamp": "2025-03-01T09:33:20.064717+00:00",
      "side": "BUY",
      "price": 586.04,
      "quantity": 104,
      "order_type": "LIMIT"
    },
    {
      "timestamp": "2025-03-01T09:33:20.070961+00:00",
      "side": "BUY",
      "price": 586.18,
      "quantity": 100,
      "order_type": "LIMIT"
    },
    {
      "timestamp": "2025-03-01T09:33:20.078799+00:00",
      "side": "SELL",
      "price": 586.52,
      "quantity": 18,
      "order_type": "LIMIT"
    },
    {
      "timestamp": "2025-03-01T09:33:20.080154+00:00",
      "side": "BUY",
      "price": 586.28,
      "quantity": 100,
      "order_type": "LIMIT"
    },
    {
      "timestamp": "2025-03-01T09:33:20.103252+00:00",
      "side": "BUY",
      "price": 586.27,
      "quantity": 18,
      "order_type": "LIMIT"
    },
    {
      "timestamp": "2025-03-01T09:33:20.187668+00:00",
      "side": "BUY",
      "price": 586.32,
      "quantity": 100,
      "order_type": "LIMIT"
    },
    {
      "timestamp": "2025-03-01T09:33:20.278127+00:00",
      "side": "BUY",
      "price": 586.06,
      "quantity": 104,
      "order_type": "LIMIT"
    },
    {
      "timestamp": "2025-03-01T09:33:20.295701+00:00",
      "side": "SELL",
      "price": 586.66,
      "quantity": 18,
      "order_type": "LIMIT"
    },
    {
      "timestamp": "2025-03-01T09:33:20.380667+00:00",
      "side": "SELL",
      "price": 586.74,
      "quantity": 200,
      "order_type": "LIMIT"
    },
    {
      "timestamp": "2025-03-01T09:33:20.414570+00:00",
      "side": "SELL",
      "price": 586.77,
      "quantity": 200,
      "order_type": "LIMIT"
    },
    {
      "timestamp": "2025-03-01T09:33:20.439725+00:00",
      "side": "BUY",
      "price": 586.1,
      "quantity": 100,
      "order_type": "LIMIT"
    },
    {
      "timestamp": "2025-03-01T09:33:20.630514+00:00",
      "side": "BUY",
      "price": 586.2,
      "quantity": 100,
      "order_type": "LIMIT"
    },
    {
      "timestamp": "2025-03-01T09:33:20.711074+00:00",
      "side": "BUY",
      "price": 586.18,
      "quantity": 100,
      "order_type": "LIMIT"
    },
    {
      "timestamp": "2025-03-01T09:33:20.718018+00:00",
      "side": "BUY",
      "price": 586.06,
      "quantity": 104,
      "order_type": "LIMIT"
    },
    {
      "timestamp": "2025-03-01T09:33:20.724501+00:00",
      "side": "BUY",
      "price": 586.35,
      "quantity": 100,
      "order_type": "LIMIT"
    },
    {
      "timestamp": "2025-03-01T09:33:20.872456+00:00",
      "side": "BUY",
      "price": 586.26,
      "quantity": 100,
      "order_type": "LIMIT"
    },
    {
      "timestamp": "2025-03-01T09:33:21.125283+00:00",
      "side": "BUY",
      "price": 586.06,
      "quantity": 105,
      "order_type": "LIMIT"
    },
    {
      "timestamp": "2025-03-01T09:33:21.437762+00:00",
      "side": "BUY",
      "price": 586.15,
      "quantity": 100,
      "order_type": "LIMIT"
    },
    {
      "timestamp": "2025-03-01T09:33:21.782790+00:00",
      "side": "SELL",
      "price": 586.63,
      "quantity": 16,
      "order_type": "LIMIT"
    },
    {
      "timestamp": "2025-03-01T09:33:22.599845+00:00",
      "side": "BUY",
      "price": 586.29,
      "quantity": 18,
      "order_type": "LIMIT"
    },
    {
      "timestamp": "2025-03-01T09:33:22.819075+00:00",
      "side": "BUY",
      "price": 586.38,
      "quantity": 18,
      "order_type": "LIMIT"
    },
    {
      "timestamp": "2025-03-01T09:33:23.538367+00:00",
      "side": "BUY",
      "price": 586.33,
      "quantity": 18,
      "order_type": "LIMIT"
    },
    {
      "timestamp": "2025-03-01T09:33:25.901244+00:00",
      "side": "BUY",
      "price": 585.43,
      "quantity": 100,
      "order_type": "LIMIT"
    },
    {
      "timestamp": "2025-03-01T09:33:28.668604+00:00",
      "side": "BUY",
      "price": 586.66,
      "quantity": 100,
      "order_type": "LIMIT"
    },
    {
      "timestamp": "2025-03-01T09:33:29.324825+00:00",
      "side": "BUY",
      "price": 586.72,
      "quantity": 100,
      "order_type": "LIMIT"
    },
    {
      "timestamp": "2025-03-01T09:33:29.364795+00:00",
      "side": "SELL",
      "price": 586.82,
      "quantity": 200,
      "order_type": "LIMIT"
    },
    {
      "timestamp": "2025-03-01T09:33:30.179795+00:00",
      "side": "SELL",
      "price": 586.88,
      "quantity": 3,
      "order_type": "LIMIT"
    },
    {
      "timestamp": "2025-03-01T09:33:30.639774+00:00",
      "side": "BUY",
      "price": 586.7,
      "quantity": 18,
      "order_type": "LIMIT"
    },
    {
      "timestamp": "2025-03-01T09:33:30.655026+00:00",
      "side": "BUY",
      "price": 586.75,
      "quantity": 4,
      "order_type": "LIMIT"
    },
    {
      "timestamp": "2025-03-01T09:33:30.763690+00:00",
      "side": "BUY",
      "price": 586.61,
      "quantity": 100,
      "order_type": "LIMIT"
    },
    {
      "timestamp": "2025-03-01T09:33:30.910232+00:00",
      "side": "SELL",
      "price": 587.06,
      "quantity": 100,
      "order_type": "LIMIT"
    },
    {
      "timestamp": "2025-03-01T09:33:31.729837+00:00",
      "side": "BUY",
      "price": 586.76,
      "quantity": 18,
      "order_type": "LIMIT"
    },
    {
      "timestamp": "2025-03-01T09:33:32.642966+00:00",
      "side": "SELL",
      "price": 587.0,
      "quantity": 48,
      "order_type": "LIMIT"
    },
    {
      "timestamp": "2025-03-01T09:33:32.734546+00:00",
      "side": "BUY",
      "price": 586.86,
      "quantity": 100,
      "order_type": "LIMIT"
    },
    {
      "timestamp": "2025-03-01T09:33:32.849428+00:00",
      "side": "BUY",
      "price": 586.88,
      "quantity": 18,
      "order_type": "LIMIT"
    },
    {
      "timestamp": "2025-03-01T09:33:33.267556+00:00",
      "side": "BUY",
      "price": 586.71,
      "quantity": 200,
      "order_type": "LIMIT"
    },
    {
      "timestamp": "2025-03-01T09:33:33.593390+00:00",
      "side": "BUY",
      "price": 586.77,
      "quantity": 18,
      "order_type": "LIMIT"
    },
    {
      "timestamp": "2025-03-01T09:33:34.215654+00:00",
      "side": "BUY",
      "price": 586.98,
      "quantity": 1,
      "order_type": "LIMIT"
    },
    {
      "timestamp": "2025-03-01T09:33:35.962733+00:00",
      "side": "BUY",
      "price": 586.71,
      "quantity": 100,
      "order_type": "LIMIT"
    },
    {
      "timestamp": "2025-03-01T09:33:36.009158+00:00",
      "side": "BUY",
      "price": 586.73,
      "quantity": 200,
      "order_type": "LIMIT"
    },
    {
      "timestamp": "2025-03-01T09:33:36.694727+00:00",
      "side": "BUY",
      "price": 586.82,
      "quantity": 100,
      "order_type": "LIMIT"
    },
    {
      "timestamp": "2025-03-01T09:33:37.963639+00:00",
      "side": "SELL",
      "price": 587.06,
      "quantity": 60,
      "order_type": "LIMIT"
    },
    {
      "timestamp": "2025-03-01T09:33:39.590873+00:00",
      "side": "SELL",
      "price": 587.08,
      "quantity": 200,
      "order_type": "LIMIT"
    },
    {
      "timestamp": "2025-03-01T09:33:39.604917+00:00",
      "side": "BUY",
      "price": 586.6,
      "quantity": 200,
      "order_type": "LIMIT"
    },
    {
      "timestamp": "2025-03-01T09:33:39.637396+00:00",
      "side": "BUY",
      "price": 586.25,
      "quantity": 200,
      "order_type": "LIMIT"
    },
    {
      "timestamp": "2025-03-01T09:33:39.652624+00:00",
      "side": "BUY",
      "price": 585.18,
      "quantity": 100,
      "order_type": "LIMIT"
    },
    {
      "timestamp": "2025-03-01T09:33:39.662377+00:00",
      "side": "SELL",
      "price": 586.75,
      "quantity": 60,
      "order_type": "LIMIT"
    },
    {
      "timestamp": "2025-03-01T09:33:39.676922+00:00",
      "side": "SELL",
      "price": 586.76,
      "quantity": 60,
      "order_type": "LIMIT"
    },
    {
      "timestamp": "2025-03-01T09:33:39.719218+00:00",
      "side": "SELL",
      "price": 586.75,
      "quantity": 60,
      "order_type": "LIMIT"
    },
    {
      "timestamp": "2025-03-01T09:33:39.730999+00:00",
      "side": "BUY",
      "price": 586.1,
      "quantity": 18,
      "order_type": "LIMIT"
    },
    {
      "timestamp": "2025-03-01T09:33:39.782680+00:00",
      "side": "BUY",
      "price": 585.44,
      "quantity": 100,
      "order_type": "LIMIT"
    },
    {
      "timestamp": "2025-03-01T09:33:40.038113+00:00",
      "side": "BUY",
      "price": 584.95,
      "quantity": 100,
      "order_type": "LIMIT"
    },
    {
      "timestamp": "2025-03-01T09:33:40.131119+00:00",
      "side": "BUY",
      "price": 585.02,
      "quantity": 100,
      "order_type": "LIMIT"
    },
    {
      "timestamp": "2025-03-01T09:33:40.278860+00:00",
      "side": "SELL",
      "price": 586.82,
      "quantity": 100,
      "order_type": "LIMIT"
    },
    {
      "timestamp": "2025-03-01T09:33:40.526917+00:00",
      "side": "BUY",
      "price": 585.99,
      "quantity": 18,
      "order_type": "LIMIT"
    },
    {
      "timestamp": "2025-03-01T09:33:40.784331+00:00",
      "side": "BUY",
      "price": 586.13,
      "quantity": 18,
      "order_type": "LIMIT"
    },
    {
      "timestamp": "2025-03-01T09:33:41.410469+00:00",
      "side": "SELL",
      "price": 586.74,
      "quantity": 100,
      "order_type": "LIMIT"
    },
    {
      "timestamp": "2025-03-01T09:33:41.659944+00:00",
      "side": "SELL",
      "price": 587.0,
      "quantity": 100,
      "order_type": "LIMIT"
    },
    {
      "timestamp": "2025-03-01T09:33:43.014074+00:00",
      "side": "BUY",
      "price": 586.0,
      "quantity": 18,
      "order_type": "LIMIT"
    },
    {
      "timestamp": "2025-03-01T09:33:43.896156+00:00",
      "side": "BUY",
      "price": 586.09,
      "quantity": 18,
      "order_type": "LIMIT"
    },
    {
      "timestamp": "2025-03-01T09:33:45.304265+00:00",
      "side": "BUY",
      "price": 586.12,
      "quantity": 200,
      "order_type": "LIMIT"
    },
    {
      "timestamp": "2025-03-01T09:33:45.315291+00:00",
      "side": "BUY",
      "price": 586.15,
      "quantity": 200,
      "order_type": "LIMIT"
    },
    {
      "timestamp": "2025-03-01T09:33:45.337224+00:00",
      "side": "BUY",
      "price": 586.21,
      "quantity": 200,
      "order_type": "LIMIT"
    },
    {
      "timestamp": "2025-03-01T09:33:46.263037+00:00",
      "side": "BUY",
      "price": 586.18,
      "quantity": 18,
      "order_type": "LIMIT"
    },
    {
      "timestamp": "2025-03-01T09:33:46.825026+00:00",
      "side": "BUY",
      "price": 586.18,
      "quantity": 18,
      "order_type": "LIMIT"
    },
    {
      "timestamp": "2025-03-01T09:33:47.549358+00:00",
      "side": "SELL",
      "price": 587.0,
      "quantity": 75,
      "order_type": "LIMIT"
    },
    {
      "timestamp": "2025-03-01T09:33:51.064361+00:00",
      "side": "BUY",
      "price": 586.3,
      "quantity": 18,
      "order_type": "LIMIT"
    },
    {
      "timestamp": "2025-03-01T09:33:51.102766+00:00",
      "side": "BUY",
      "price": 586.35,
      "quantity": 18,
      "order_type": "LIMIT"
    },
    {
      "timestamp": "2025-03-01T09:33:51.502981+00:00",
      "side": "BUY",
      "price": 586.39,
      "quantity": 18,
      "order_type": "LIMIT"
    },
    {
      "timestamp": "2025-03-01T09:33:52.315966+00:00",
      "side": "BUY",
      "price": 585.44,
      "quantity": 100,
      "order_type": "LIMIT"
    },
    {
      "timestamp": "2025-03-01T09:33:54.138767+00:00",
      "side": "SELL",
      "price": 586.97,
      "quantity": 11,
      "order_type": "LIMIT"
    },
    {
      "timestamp": "2025-03-01T09:33:56.049786+00:00",
      "side": "BUY",
      "price": 586.61,
      "quantity": 18,
      "order_type": "LIMIT"
    },
    {
      "timestamp": "2025-03-01T09:33:57.047745+00:00",
      "side": "SELL",
      "price": 586.83,
      "quantity": 11,
      "order_type": "LIMIT"
    },
    {
      "timestamp": "2025-03-01T09:33:57.259110+00:00",
      "side": "BUY",
      "price": 586.79,
      "quantity": 100,
      "order_type": "LIMIT"
    },
    {
      "timestamp": "2025-03-01T09:33:57.450158+00:00",
      "side": "SELL",
      "price": 586.83,
      "quantity": 300,
      "order_type": "LIMIT"
    },
    {
      "timestamp": "2025-03-01T09:33:57.472775+00:00",
      "side": "BUY",
      "price": 586.77,
      "quantity": 100,
      "order_type": "LIMIT"
    },
    {
      "timestamp": "2025-03-01T09:33:58.366528+00:00",
      "side": "BUY",
      "price": 586.73,
      "quantity": 100,
      "order_type": "LIMIT"
    },
    {
      "timestamp": "2025-03-01T09:33:59.601265+00:00",
      "side": "BUY",
      "price": 586.78,
      "quantity": 100,
      "order_type": "LIMIT"
    },
    {
      "timestamp": "2025-03-01T09:34:00.460523+00:00",
      "side": "BUY",
      "price": 586.79,
      "quantity": 18,
      "order_type": "LIMIT"
    },
    {
      "timestamp": "2025-03-01T09:34:01.066405+00:00",
      "side": "BUY",
      "price": 586.78,
      "quantity": 100,
      "order_type": "LIMIT"
    },
    {
      "timestamp": "2025-03-01T09:34:01.520754+00:00",
      "side": "BUY",
      "price": 586.87,
      "quantity": 100,
      "order_type": "LIMIT"
    },
    {
      "timestamp": "2025-03-01T09:34:01.524109+00:00",
      "side": "BUY",
      "price": 586.89,
      "quantity": 18,
      "order_type": "LIMIT"
    },
    {
      "timestamp": "2025-03-01T09:34:01.530153+00:00",
      "side": "BUY",
      "price": 586.82,
      "quantity": 100,
      "order_type": "LIMIT"
    },
    {
      "timestamp": "2025-03-01T09:34:01.580108+00:00",
      "side": "BUY",
      "price": 586.79,
      "quantity": 100,
      "order_type": "LIMIT"
    },
    {
      "timestamp": "2025-03-01T09:34:01.692988+00:00",
      "side": "BUY",
      "price": 586.9,
      "quantity": 100,
      "order_type": "LIMIT"
    },
    {
      "timestamp": "2025-03-01T09:34:01.732427+00:00",
      "side": "BUY",
      "price": 586.88,
      "quantity": 100,
      "order_type": "LIMIT"
    },
    {
      "timestamp": "2025-03-01T09:34:01.750422+00:00",
      "side": "BUY",
      "price": 586.85,
      "quantity": 100,
      "order_type": "LIMIT"
    },
    {
      "timestamp": "2025-03-01T09:34:01.819325+00:00",
      "side": "BUY",
      "price": 586.79,
      "quantity": 100,
      "order_type": "LIMIT"
    },
    {
      "timestamp": "2025-03-01T09:34:01.877132+00:00",
      "side": "BUY",
      "price": 587.02,
      "quantity": 171,
      "order_type": "LIMIT"
    },
    {
      "timestamp": "2025-03-01T09:34:01.946733+00:00",
      "side": "BUY",
      "price": 586.74,
      "quantity": 100,
      "order_type": "LIMIT"
    },
    {
      "timestamp": "2025-03-01T09:34:01.983125+00:00",
      "side": "SELL",
      "price": 587.21,
      "quantity": 100,
      "order_type": "LIMIT"
    },
    {
      "timestamp": "2025-03-01T09:34:02.097151+00:00",
      "side": "SELL",
      "price": 587.17,
      "quantity": 100,
      "order_type": "LIMIT"
    },
    {
      "timestamp": "2025-03-01T09:34:02.188815+00:00",
      "side": "SELL",
      "price": 587.09,
      "quantity": 100,
      "order_type": "LIMIT"
    },
    {
      "timestamp": "2025-03-01T09:34:02.250944+00:00",
      "side": "SELL",
      "price": 587.17,
      "quantity": 100,
      "order_type": "LIMIT"
    },
    {
      "timestamp": "2025-03-01T09:34:02.347780+00:00",
      "side": "SELL",
      "price": 587.09,
      "quantity": 100,
      "order_type": "LIMIT"
    },
    {
      "timestamp": "2025-03-01T09:34:02.378533+00:00",
      "side": "SELL",
      "price": 587.21,
      "quantity": 100,
      "order_type": "LIMIT"
    },
    {
      "timestamp": "2025-03-01T09:34:02.519866+00:00",
      "side": "SELL",
      "price": 587.09,
      "quantity": 100,
      "order_type": "LIMIT"
    },
    {
      "timestamp": "2025-03-01T09:34:02.785504+00:00",
      "side": "BUY",
      "price": 586.75,
      "quantity": 18,
      "order_type": "LIMIT"
    },
    {
      "timestamp": "2025-03-01T09:34:03.424193+00:00",
      "side": "SELL",
      "price": 587.21,
      "quantity": 100,
      "order_type": "LIMIT"
    },
    {
      "timestamp": "2025-03-01T09:34:03.564930+00:00",
      "side": "SELL",
      "price": 587.21,
      "quantity": 100,
      "order_type": "LIMIT"
    },
    {
      "timestamp": "2025-03-01T09:34:03.603796+00:00",
      "side": "SELL",
      "price": 587.1,
      "quantity": 100,
      "order_type": "LIMIT"
    },
    {
      "timestamp": "2025-03-01T09:34:03.729261+00:00",
      "side": "SELL",
      "price": 587.15,
      "quantity": 100,
      "order_type": "LIMIT"
    },
    {
      "timestamp": "2025-03-01T09:34:04.025751+00:00",
      "side": "BUY",
      "price": 586.75,
      "quantity": 18,
      "order_type": "LIMIT"
    },
    {
      "timestamp": "2025-03-01T09:34:04.146418+00:00",
      "side": "SELL",
      "price": 587.24,
      "quantity": 5,
      "order_type": "LIMIT"
    },
    {
      "timestamp": "2025-03-01T09:34:05.531105+00:00",
      "side": "BUY",
      "price": 587.26,
      "quantity": 100,
      "order_type": "LIMIT"
    },
    {
      "timestamp": "2025-03-01T09:34:05.891990+00:00",
      "side": "SELL",
      "price": 587.48,
      "quantity": 3,
      "order_type": "LIMIT"
    },
    {
      "timestamp": "2025-03-01T09:34:07.704486+00:00",
      "side": "BUY",
      "price": 587.28,
      "quantity": 18,
      "order_type": "LIMIT"
    },
    {
      "timestamp": "2025-03-01T09:34:08.016395+00:00",
      "side": "BUY",
      "price": 587.05,
      "quantity": 450,
      "order_type": "LIMIT"
    },
    {
      "timestamp": "2025-03-01T09:34:09.463318+00:00",
      "side": "SELL",
      "price": 587.46,
      "quantity": 100,
      "order_type": "LIMIT"
    },
    {
      "timestamp": "2025-03-01T09:34:10.607184+00:00",
      "side": "BUY",
      "price": 587.25,
      "quantity": 100,
      "order_type": "LIMIT"
    },
    {
      "timestamp": "2025-03-01T09:34:10.951294+00:00",
      "side": "BUY",
      "price": 587.08,
      "quantity": 18,
      "order_type": "LIMIT"
    },
    {
      "timestamp": "2025-03-01T09:34:11.277358+00:00",
      "side": "SELL",
      "price": 587.56,
      "quantity": 200,
      "order_type": "LIMIT"
    },
    {
      "timestamp": "2025-03-01T09:34:12.222023+00:00",
      "side": "BUY",
      "price": 587.24,
      "quantity": 13,
      "order_type": "LIMIT"
    },
    {
      "timestamp": "2025-03-01T09:34:13.346586+00:00",
      "side": "SELL",
      "price": 587.36,
      "quantity": 100,
      "order_type": "LIMIT"
    },
    {
      "timestamp": "2025-03-01T09:34:14.835078+00:00",
      "side": "BUY",
      "price": 587.08,
      "quantity": 200,
      "order_type": "LIMIT"
    },
    {
      "timestamp": "2025-03-01T09:34:15.612325+00:00",
      "side": "SELL",
      "price": 587.45,
      "quantity": 5,
      "order_type": "LIMIT"
    },
    {
      "timestamp": "2025-03-01T09:34:16.725182+00:00",
      "side": "BUY",
      "price": 587.37,
      "quantity": 100,
      "order_type": "LIMIT"
    },
    {
      "timestamp": "2025-03-01T09:34:17.453565+00:00",
      "side": "BUY",
      "price": 587.5,
      "quantity": 200,
      "order_type": "LIMIT"
    },
    {
      "timestamp": "2025-03-01T09:34:17.618360+00:00",
      "side": "BUY",
      "price": 587.52,
      "quantity": 100,
      "order_type": "LIMIT"
    },
    {
      "timestamp": "2025-03-01T09:34:18.780588+00:00",
      "side": "SELL",
      "price": 587.86,
      "quantity": 200,
      "order_type": "LIMIT"
    },
    {
      "timestamp": "2025-03-01T09:34:19.783888+00:00",
      "side": "BUY",
      "price": 587.53,
      "quantity": 18,
      "order_type": "LIMIT"
    },
    {
      "timestamp": "2025-03-01T09:34:20.796021+00:00",
      "side": "BUY",
      "price": 587.52,
      "quantity": 18,
      "order_type": "LIMIT"
    },
    {
      "timestamp": "2025-03-01T09:34:21.891781+00:00",
      "side": "BUY",
      "price": 587.53,
      "quantity": 18,
      "order_type": "LIMIT"
    },
    {
      "timestamp": "2025-03-01T09:34:23.876637+00:00",
      "side": "SELL",
      "price": 587.77,
      "quantity": 100,
      "order_type": "LIMIT"
    },
    {
      "timestamp": "2025-03-01T09:34:25.865620+00:00",
      "side": "BUY",
      "price": 587.41,
      "quantity": 100,
      "order_type": "LIMIT"
    },
    {
      "timestamp": "2025-03-01T09:34:26.578684+00:00",
      "side": "BUY",
      "price": 587.33,
      "quantity": 200,
      "order_type": "LIMIT"
    },
    {
      "timestamp": "2025-03-01T09:34:26.733854+00:00",
      "side": "BUY",
      "price": 587.33,
      "quantity": 200,
      "order_type": "LIMIT"
    },
    {
      "timestamp": "2025-03-01T09:34:27.882812+00:00",
      "side": "BUY",
      "price": 587.28,
      "quantity": 100,
      "order_type": "LIMIT"
    },
    {
      "timestamp": "2025-03-01T09:34:28.113717+00:00",
      "side": "BUY",
      "price": 587.29,
      "quantity": 100,
      "order_type": "LIMIT"
    },
    {
      "timestamp": "2025-03-01T09:34:28.128591+00:00",
      "side": "SELL",
      "price": 587.55,
      "quantity": 12,
      "order_type": "LIMIT"
    },
    {
      "timestamp": "2025-03-01T09:34:29.505240+00:00",
      "side": "SELL",
      "price": 587.63,
      "quantity": 100,
      "order_type": "LIMIT"
    },
    {
      "timestamp": "2025-03-01T09:34:29.926796+00:00",
      "side": "SELL",
      "price": 587.51,
      "quantity": 12,
      "order_type": "LIMIT"
    },
    {
      "timestamp": "2025-03-01T09:34:31.494233+00:00",
      "side": "SELL",
      "price": 587.46,
      "quantity": 100,
      "order_type": "LIMIT"
    },
    {
      "timestamp": "2025-03-01T09:34:32.360139+00:00",
      "side": "BUY",
      "price": 587.07,
      "quantity": 200,
      "order_type": "LIMIT"
    },
    {
      "timestamp": "2025-03-01T09:34:34.690019+00:00",
      "side": "SELL",
      "price": 587.46,
      "quantity": 300,
      "order_type": "LIMIT"
    },
    {
      "timestamp": "2025-03-01T09:34:36.400283+00:00",
      "side": "BUY",
      "price": 587.09,
      "quantity": 2,
      "order_type": "LIMIT"
    },
    {
      "timestamp": "2025-03-01T09:34:36.441789+00:00",
      "side": "SELL",
      "price": 587.49,
      "quantity": 100,
      "order_type": "LIMIT"
    },
    {
      "timestamp": "2025-03-01T09:34:37.789165+00:00",
      "side": "BUY",
      "price": 587.05,
      "quantity": 18,
      "order_type": "LIMIT"
    },
    {
      "timestamp": "2025-03-01T09:34:37.840535+00:00",
      "side": "BUY",
      "price": 587.12,
      "quantity": 100,
      "order_type": "LIMIT"
    },
    {
      "timestamp": "2025-03-01T09:34:38.457338+00:00",
      "side": "BUY",
      "price": 587.07,
      "quantity": 18,
      "order_type": "LIMIT"
    },
    {
      "timestamp": "2025-03-01T09:34:40.444049+00:00",
      "side": "BUY",
      "price": 587.18,
      "quantity": 18,
      "order_type": "LIMIT"
    },
    {
      "timestamp": "2025-03-01T09:34:41.773182+00:00",
      "side": "SELL",
      "price": 587.68,
      "quantity": 100,
      "order_type": "LIMIT"
    },
    {
      "timestamp": "2025-03-01T09:34:42.300371+00:00",
      "side": "BUY",
      "price": 587.21,
      "quantity": 18,
      "order_type": "LIMIT"
    },
    {
      "timestamp": "2025-03-01T09:34:43.968459+00:00",
      "side": "SELL",
      "price": 587.57,
      "quantity": 3,
      "order_type": "LIMIT"
    },
    {
      "timestamp": "2025-03-01T09:34:45.054163+00:00",
      "side": "BUY",
      "price": 587.21,
      "quantity": 60,
      "order_type": "LIMIT"
    },
    {
      "timestamp": "2025-03-01T09:34:47.037018+00:00",
      "side": "BUY",
      "price": 587.03,
      "quantity": 100,
      "order_type": "LIMIT"
    },
    {
      "timestamp": "2025-03-01T09:34:50.349681+00:00",
      "side": "BUY",
      "price": 587.08,
      "quantity": 100,
      "order_type": "LIMIT"
    },
    {
      "timestamp": "2025-03-01T09:34:51.129207+00:00",
      "side": "SELL",
      "price": 587.38,
      "quantity": 100,
      "order_type": "LIMIT"
    },
    {
      "timestamp": "2025-03-01T09:34:51.359762+00:00",
      "side": "SELL",
      "price": 587.44,
      "quantity": 200,
      "order_type": "LIMIT"
    },
    {
      "timestamp": "2025-03-01T09:34:51.645896+00:00",
      "side": "SELL",
      "price": 587.52,
      "quantity": 200,
      "order_type": "LIMIT"
    },
    {
      "timestamp": "2025-03-01T09:34:53.134957+00:00",
      "side": "SELL",
      "price": 587.79,
      "quantity": 60,
      "order_type": "LIMIT"
    },
    {
      "timestamp": "2025-03-01T09:34:56.304777+00:00",
      "side": "BUY",
      "price": 587.0,
      "quantity": 200,
      "order_type": "LIMIT"
    },
    {
      "timestamp": "2025-03-01T09:34:59.045561+00:00",
      "side": "BUY",
      "price": 587.0,
      "quantity": 200,
      "order_type": "LIMIT"
    },
    {
      "timestamp": "2025-03-01T09:35:02.086682+00:00",
      "side": "BUY",
      "price": 587.15,
      "quantity": 54,
      "order_type": "LIMIT"
    },
    {
      "timestamp": "2025-03-01T09:35:05.827380+00:00",
      "side": "SELL",
      "price": 587.38,
      "quantity": 100,
      "order_type": "LIMIT"
    },
    {
      "timestamp": "2025-03-01T09:35:06.462967+00:00",
      "side": "SELL",
      "price": 587.2,
      "quantity": 100,
      "order_type": "LIMIT"
    },
    {
      "timestamp": "2025-03-01T09:35:07.960179+00:00",
      "side": "SELL",
      "price": 587.17,
      "quantity": 100,
      "order_type": "LIMIT"
    },
    {
      "timestamp": "2025-03-01T09:35:08.781360+00:00",
      "side": "SELL",
      "price": 586.98,
      "quantity": 100,
      "order_type": "LIMIT"
    },
    {
      "timestamp": "2025-03-01T09:35:08.998317+00:00",
      "side": "SELL",
      "price": 587.01,
      "quantity": 100,
      "order_type": "LIMIT"
    },
    {
      "timestamp": "2025-03-01T09:35:13.422537+00:00",
      "side": "SELL",
      "price": 587.55,
      "quantity": 100,
      "order_type": "LIMIT"
    },
    {
      "timestamp": "2025-03-01T09:35:15.848290+00:00",
      "side": "BUY",
      "price": 586.8,
      "quantity": 25,
      "order_type": "LIMIT"
    },
    {
      "timestamp": "2025-03-01T09:35:19.094915+00:00",
      "side": "SELL",
      "price": 587.5,
      "quantity": 100,
      "order_type": "LIMIT"
    },
    {
      "timestamp": "2025-03-01T09:35:24.715175+00:00",
      "side": "SELL",
      "price": 587.2,
      "quantity": 1000,
      "order_type": "LIMIT"
    },
    {
      "timestamp": "2025-03-01T09:35:26.030760+00:00",
      "side": "SELL",
      "price": 587.02,
      "quantity": 200,
      "order_type": "LIMIT"
    },
    {
      "timestamp": "2025-03-01T09:35:26.868954+00:00",
      "side": "BUY",
      "price": 586.64,
      "quantity": 200,
      "order_type": "LIMIT"
    },
    {
      "timestamp": "2025-03-01T09:35:27.990502+00:00",
      "side": "BUY",
      "price": 586.01,
      "quantity": 1,
      "order_type": "LIMIT"
    },
    {
      "timestamp": "2025-03-01T09:35:29.261940+00:00",
      "side": "BUY",
      "price": 586.65,
      "quantity": 18,
      "order_type": "LIMIT"
    },
    {
      "timestamp": "2025-03-01T09:35:30.490949+00:00",
      "side": "BUY",
      "price": 586.7,
      "quantity": 18,
      "order_type": "LIMIT"
    },
    {
      "timestamp": "2025-03-01T09:35:30.983801+00:00",
      "side": "SELL",
      "price": 586.92,
      "quantity": 100,
      "order_type": "LIMIT"
    },
    {
      "timestamp": "2025-03-01T09:35:32.289936+00:00",
      "side": "BUY",
      "price": 586.48,
      "quantity": 100,
      "order_type": "LIMIT"
    },
    {
      "timestamp": "2025-03-01T09:35:36.797477+00:00",
      "side": "SELL",
      "price": 586.78,
      "quantity": 100,
      "order_type": "LIMIT"
    },
    {
      "timestamp": "2025-03-01T09:35:42.473076+00:00",
      "side": "BUY",
      "price": 586.62,
      "quantity": 80,
      "order_type": "LIMIT"
    },
    {
      "timestamp": "2025-03-01T09:35:44.496261+00:00",
      "side": "BUY",
      "price": 586.25,
      "quantity": 5,
      "order_type": "LIMIT"
    },
    {
      "timestamp": "2025-03-01T09:35:45.627388+00:00",
      "side": "SELL",
      "price": 586.82,
      "quantity": 200,
      "order_type": "LIMIT"
    },
    {
      "timestamp": "2025-03-01T09:35:47.350074+00:00",
      "side": "SELL",
      "price": 586.86,
      "quantity": 100,
      "order_type": "LIMIT"
    },
    {
      "timestamp": "2025-03-01T09:35:49.557061+00:00",
      "side": "BUY",
      "price": 586.54,
      "quantity": 100,
      "order_type": "LIMIT"
    },
    {
      "timestamp": "2025-03-01T09:35:54.649922+00:00",
      "side": "SELL",
      "price": 586.82,
      "quantity": 100,
      "order_type": "LIMIT"
    },
    {
      "timestamp": "2025-03-01T09:35:56.650041+00:00",
      "side": "SELL",
      "price": 586.53,
      "quantity": 9,
      "order_type": "LIMIT"
    },
    {
      "timestamp": "2025-03-01T09:35:58.995284+00:00",
      "side": "BUY",
      "price": 586.42,
      "quantity": 18,
      "order_type": "LIMIT"
    },
    {
      "timestamp": "2025-03-01T09:36:01.129531+00:00",
      "side": "BUY",
      "price": 586.42,
      "quantity": 18,
      "order_type": "LIMIT"
    },
    {
      "timestamp": "2025-03-01T09:36:01.261215+00:00",
      "side": "SELL",
      "price": 586.91,
      "quantity": 100,
      "order_type": "LIMIT"
    },
    {
      "timestamp": "2025-03-01T09:36:04.401405+00:00",
      "side": "BUY",
      "price": 586.52,
      "quantity": 18,
      "order_type": "LIMIT"
    },
    {
      "timestamp": "2025-03-01T09:36:06.197001+00:00",
      "side": "BUY",
      "price": 586.53,
      "quantity": 18,
      "order_type": "LIMIT"
    },
    {
      "timestamp": "2025-03-01T09:36:07.150251+00:00",
      "side": "BUY",
      "price": 586.53,
      "quantity": 100,
      "order_type": "LIMIT"
    },
    {
      "timestamp": "2025-03-01T09:36:11.172946+00:00",
      "side": "SELL",
      "price": 586.74,
      "quantity": 2,
      "order_type": "LIMIT"
    },
    {
      "timestamp": "2025-03-01T09:36:16.878575+00:00",
      "side": "BUY",
      "price": 586.54,
      "quantity": 18,
      "order_type": "LIMIT"
    },
    {
      "timestamp": "2025-03-01T09:36:17.166736+00:00",
      "side": "BUY",
      "price": 586.56,
      "quantity": 18,
      "order_type": "LIMIT"
    },
    {
      "timestamp": "2025-03-01T09:36:17.193013+00:00",
      "side": "BUY",
      "price": 586.66,
      "quantity": 18,
      "order_type": "LIMIT"
    },
    {
      "timestamp": "2025-03-01T09:36:17.210628+00:00",
      "side": "SELL",
      "price": 586.96,
      "quantity": 100,
      "order_type": "LIMIT"
    },
    {
      "timestamp": "2025-03-01T09:36:18.214835+00:00",
      "side": "BUY",
      "price": 586.9,
      "quantity": 100,
      "order_type": "LIMIT"
    },
    {
      "timestamp": "2025-03-01T09:36:18.221187+00:00",
      "side": "BUY",
      "price": 586.9,
      "quantity": 100,
      "order_type": "LIMIT"
    },
    {
      "timestamp": "2025-03-01T09:36:18.397216+00:00",
      "side": "BUY",
      "price": 586.66,
      "quantity": 18,
      "order_type": "LIMIT"
    },
    {
      "timestamp": "2025-03-01T09:36:18.794127+00:00",
      "side": "SELL",
      "price": 586.93,
      "quantity": 200,
      "order_type": "LIMIT"
    },
    {
      "timestamp": "2025-03-01T09:36:18.905098+00:00",
      "side": "SELL",
      "price": 586.93,
      "quantity": 200,
      "order_type": "LIMIT"
    },
    {
      "timestamp": "2025-03-01T09:36:19.190753+00:00",
      "side": "SELL",
      "price": 586.91,
      "quantity": 200,
      "order_type": "LIMIT"
    },
    {
      "timestamp": "2025-03-01T09:36:19.353610+00:00",
      "side": "SELL",
      "price": 586.93,
      "quantity": 200,
      "order_type": "LIMIT"
    },
    {
      "timestamp": "2025-03-01T09:36:19.513169+00:00",
      "side": "SELL",
      "price": 586.94,
      "quantity": 200,
      "order_type": "LIMIT"
    },
    {
      "timestamp": "2025-03-01T09:36:20.130784+00:00",
      "side": "BUY",
      "price": 586.64,
      "quantity": 18,
      "order_type": "LIMIT"
    },
    {
      "timestamp": "2025-03-01T09:36:21.464099+00:00",
      "side": "BUY",
      "price": 586.75,
      "quantity": 3,
      "order_type": "LIMIT"
    },
    {
      "timestamp": "2025-03-01T09:36:21.847674+00:00",
      "side": "SELL",
      "price": 586.96,
      "quantity": 200,
      "order_type": "LIMIT"
    },
    {
      "timestamp": "2025-03-01T09:36:22.510238+00:00",
      "side": "BUY",
      "price": 586.8,
      "quantity": 18,
      "order_type": "LIMIT"
    },
    {
      "timestamp": "2025-03-01T09:36:23.801394+00:00",
      "side": "SELL",
      "price": 587.06,
      "quantity": 100,
      "order_type": "LIMIT"
    },
    {
      "timestamp": "2025-03-01T09:36:24.075821+00:00",
      "side": "BUY",
      "price": 586.89,
      "quantity": 18,
      "order_type": "LIMIT"
    },
    {
      "timestamp": "2025-03-01T09:36:24.225222+00:00",
      "side": "SELL",
      "price": 587.19,
      "quantity": 200,
      "order_type": "LIMIT"
    },
    {
      "timestamp": "2025-03-01T09:36:24.569161+00:00",
      "side": "SELL",
      "price": 587.3,
      "quantity": 100,
      "order_type": "LIMIT"
    },
    {
      "timestamp": "2025-03-01T09:36:25.136988+00:00",
      "side": "SELL",
      "price": 587.39,
      "quantity": 100,
      "order_type": "LIMIT"
    },
    {
      "timestamp": "2025-03-01T09:36:25.346791+00:00",
      "side": "SELL",
      "price": 587.45,
      "quantity": 100,
      "order_type": "LIMIT"
    },
    {
      "timestamp": "2025-03-01T09:36:26.216367+00:00",
      "side": "BUY",
      "price": 586.92,
      "quantity": 200,
      "order_type": "LIMIT"
    },
    {
      "timestamp": "2025-03-01T09:36:28.194337+00:00",
      "side": "SELL",
      "price": 587.38,
      "quantity": 100,
      "order_type": "LIMIT"
    },
    {
      "timestamp": "2025-03-01T09:36:28.627780+00:00",
      "side": "BUY",
      "price": 586.89,
      "quantity": 18,
      "order_type": "LIMIT"
    },
    {
      "timestamp": "2025-03-01T09:36:29.944666+00:00",
      "side": "SELL",
      "price": 587.36,
      "quantity": 100,
      "order_type": "LIMIT"
    },
    {
      "timestamp": "2025-03-01T09:36:30.623079+00:00",
      "side": "BUY",
      "price": 587.08,
      "quantity": 18,
      "order_type": "LIMIT"
    },
    {
      "timestamp": "2025-03-01T09:36:32.401256+00:00",
      "side": "BUY",
      "price": 586.5,
      "quantity": 7,
      "order_type": "LIMIT"
    },
    {
      "timestamp": "2025-03-01T09:36:34.787498+00:00",
      "side": "BUY",
      "price": 587.1,
      "quantity": 18,
      "order_type": "LIMIT"
    },
    {
      "timestamp": "2025-03-01T09:36:35.236150+00:00",
      "side": "SELL",
      "price": 587.44,
      "quantity": 200,
      "order_type": "LIMIT"
    },
    {
      "timestamp": "2025-03-01T09:36:35.425216+00:00",
      "side": "SELL",
      "price": 587.44,
      "quantity": 200,
      "order_type": "LIMIT"
    },
    {
      "timestamp": "2025-03-01T09:36:35.580148+00:00",
      "side": "SELL",
      "price": 587.44,
      "quantity": 200,
      "order_type": "LIMIT"
    },
    {
      "timestamp": "2025-03-01T09:36:35.672076+00:00",
      "side": "SELL",
      "price": 587.44,
      "quantity": 200,
      "order_type": "LIMIT"
    },
    {
      "timestamp": "2025-03-01T09:36:35.827161+00:00",
      "side": "SELL",
      "price": 587.44,
      "quantity": 200,
      "order_type": "LIMIT"
    },
    {
      "timestamp": "2025-03-01T09:36:35.983883+00:00",
      "side": "SELL",
      "price": 587.42,
      "quantity": 200,
      "order_type": "LIMIT"
    },
    {
      "timestamp": "2025-03-01T09:36:36.107812+00:00",
      "side": "BUY",
      "price": 587.15,
      "quantity": 18,
      "order_type": "LIMIT"
    },
    {
      "timestamp": "2025-03-01T09:36:36.364290+00:00",
      "side": "SELL",
      "price": 587.44,
      "quantity": 200,
      "order_type": "LIMIT"
    },
    {
      "timestamp": "2025-03-01T09:36:36.480163+00:00",
      "side": "BUY",
      "price": 587.15,
      "quantity": 18,
      "order_type": "LIMIT"
    },
    {
      "timestamp": "2025-03-01T09:36:36.625411+00:00",
      "side": "SELL",
      "price": 587.44,
      "quantity": 200,
      "order_type": "LIMIT"
    },
    {
      "timestamp": "2025-03-01T09:36:36.720398+00:00",
      "side": "SELL",
      "price": 587.44,
      "quantity": 200,
      "order_type": "LIMIT"
    },
    {
      "timestamp": "2025-03-01T09:36:36.841343+00:00",
      "side": "SELL",
      "price": 587.42,
      "quantity": 200,
      "order_type": "LIMIT"
    },
    {
      "timestamp": "2025-03-01T09:36:37.006925+00:00",
      "side": "SELL",
      "price": 587.44,
      "quantity": 200,
      "order_type": "LIMIT"
    },
    {
      "timestamp": "2025-03-01T09:36:38.205102+00:00",
      "side": "SELL",
      "price": 587.35,
      "quantity": 100,
      "order_type": "LIMIT"
    },
    {
      "timestamp": "2025-03-01T09:36:39.584062+00:00",
      "side": "BUY",
      "price": 586.31,
      "quantity": 100,
      "order_type": "LIMIT"
    },
    {
      "timestamp": "2025-03-01T09:36:40.038780+00:00",
      "side": "BUY",
      "price": 587.1,
      "quantity": 18,
      "order_type": "LIMIT"
    },
    {
      "timestamp": "2025-03-01T09:36:40.722731+00:00",
      "side": "BUY",
      "price": 587.01,
      "quantity": 18,
      "order_type": "LIMIT"
    },
    {
      "timestamp": "2025-03-01T09:36:41.879413+00:00",
      "side": "SELL",
      "price": 587.25,
      "quantity": 150,
      "order_type": "LIMIT"
    },
    {
      "timestamp": "2025-03-01T09:36:43.019221+00:00",
      "side": "BUY",
      "price": 587.0,
      "quantity": 18,
      "order_type": "LIMIT"
    },
    {
      "timestamp": "2025-03-01T09:36:43.732401+00:00",
      "side": "SELL",
      "price": 587.44,
      "quantity": 5,
      "order_type": "LIMIT"
    },
    {
      "timestamp": "2025-03-01T09:36:44.088162+00:00",
      "side": "SELL",
      "price": 587.39,
      "quantity": 100,
      "order_type": "LIMIT"
    },
    {
      "timestamp": "2025-03-01T09:36:44.728852+00:00",
      "side": "SELL",
      "price": 587.41,
      "quantity": 400,
      "order_type": "LIMIT"
    },
    {
      "timestamp": "2025-03-01T09:36:45.701488+00:00",
      "side": "BUY",
      "price": 586.98,
      "quantity": 18,
      "order_type": "LIMIT"
    },
    {
      "timestamp": "2025-03-01T09:36:47.849182+00:00",
      "side": "BUY",
      "price": 586.61,
      "quantity": 18,
      "order_type": "LIMIT"
    },
    {
      "timestamp": "2025-03-01T09:36:49.788453+00:00",
      "side": "SELL",
      "price": 587.37,
      "quantity": 100,
      "order_type": "LIMIT"
    },
    {
      "timestamp": "2025-03-01T09:36:50.075286+00:00",
      "side": "SELL",
      "price": 587.36,
      "quantity": 100,
      "order_type": "LIMIT"
    },
    {
      "timestamp": "2025-03-01T09:36:50.287182+00:00",
      "side": "BUY",
      "price": 587.18,
      "quantity": 18,
      "order_type": "LIMIT"
    },
    {
      "timestamp": "2025-03-01T09:36:52.708735+00:00",
      "side": "SELL",
      "price": 587.49,
      "quantity": 100,
      "order_type": "LIMIT"
    },
    {
      "timestamp": "2025-03-01T09:36:53.062272+00:00",
      "side": "BUY",
      "price": 587.3,
      "quantity": 18,
      "order_type": "LIMIT"
    },
    {
      "timestamp": "2025-03-01T09:36:53.125757+00:00",
      "side": "SELL",
      "price": 587.52,
      "quantity": 100,
      "order_type": "LIMIT"
    },
    {
      "timestamp": "2025-03-01T09:36:53.759115+00:00",
      "side": "BUY",
      "price": 587.31,
      "quantity": 18,
      "order_type": "LIMIT"
    },
    {
      "timestamp": "2025-03-01T09:36:54.006112+00:00",
      "side": "BUY",
      "price": 587.27,
      "quantity": 100,
      "order_type": "LIMIT"
    },
    {
      "timestamp": "2025-03-01T09:36:54.076045+00:00",
      "side": "BUY",
      "price": 587.19,
      "quantity": 100,
      "order_type": "LIMIT"
    },
    {
      "timestamp": "2025-03-01T09:36:54.867512+00:00",
      "side": "SELL",
      "price": 587.49,
      "quantity": 30,
      "order_type": "LIMIT"
    },
    {
      "timestamp": "2025-03-01T09:36:55.431797+00:00",
      "side": "SELL",
      "price": 587.55,
      "quantity": 100,
      "order_type": "LIMIT"
    },
    {
      "timestamp": "2025-03-01T09:36:59.193188+00:00",
      "side": "SELL",
      "price": 587.34,
      "quantity": 100,
      "order_type": "LIMIT"
    },
    {
      "timestamp": "2025-03-01T09:36:59.761641+00:00",
      "side": "BUY",
      "price": 587.29,
      "quantity": 18,
      "order_type": "LIMIT"
    },
    {
      "timestamp": "2025-03-01T09:36:59.929849+00:00",
      "side": "SELL",
      "price": 587.55,
      "quantity": 100,
      "order_type": "LIMIT"
    },
    {
      "timestamp": "2025-03-01T09:37:01.889766+00:00",
      "side": "SELL",
      "price": 587.67,
      "quantity": 200,
      "order_type": "LIMIT"
    },
    {
      "timestamp": "2025-03-01T09:37:03.511401+00:00",
      "side": "SELL",
      "price": 587.64,
      "quantity": 100,
      "order_type": "LIMIT"
    },
    {
      "timestamp": "2025-03-01T09:37:04.149903+00:00",
      "side": "SELL",
      "price": 587.62,
      "quantity": 200,
      "order_type": "LIMIT"
    },
    {
      "timestamp": "2025-03-01T09:37:04.865850+00:00",
      "side": "SELL",
      "price": 587.64,
      "quantity": 200,
      "order_type": "LIMIT"
    },
    {
      "timestamp": "2025-03-01T09:37:04.888833+00:00",
      "side": "SELL",
      "price": 587.67,
      "quantity": 200,
      "order_type": "LIMIT"
    },
    {
      "timestamp": "2025-03-01T09:37:04.908759+00:00",
      "side": "SELL",
      "price": 587.67,
      "quantity": 200,
      "order_type": "LIMIT"
    },
    {
      "timestamp": "2025-03-01T09:37:04.933750+00:00",
      "side": "SELL",
      "price": 587.67,
      "quantity": 200,
      "order_type": "LIMIT"
    },
    {
      "timestamp": "2025-03-01T09:37:04.953349+00:00",
      "side": "SELL",
      "price": 587.67,
      "quantity": 200,
      "order_type": "LIMIT"
    },
    {
      "timestamp": "2025-03-01T09:37:05.789879+00:00",
      "side": "SELL",
      "price": 587.65,
      "quantity": 200,
      "order_type": "LIMIT"
    },
    {
      "timestamp": "2025-03-01T09:37:09.014192+00:00",
      "side": "BUY",
      "price": 587.2,
      "quantity": 100,
      "order_type": "LIMIT"
    },
    {
      "timestamp": "2025-03-01T09:37:09.343124+00:00",
      "side": "SELL",
      "price": 587.27,
      "quantity": 22,
      "order_type": "LIMIT"
    },
    {
      "timestamp": "2025-03-01T09:37:10.247810+00:00",
      "side": "SELL",
      "price": 587.24,
      "quantity": 100,
      "order_type": "LIMIT"
    },
    {
      "timestamp": "2025-03-01T09:37:11.446793+00:00",
      "side": "SELL",
      "price": 587.23,
      "quantity": 22,
      "order_type": "LIMIT"
    },
    {
      "timestamp": "2025-03-01T09:37:14.129001+00:00",
      "side": "SELL",
      "price": 587.22,
      "quantity": 100,
      "order_type": "LIMIT"
    },
    {
      "timestamp": "2025-03-01T09:37:14.344648+00:00",
      "side": "SELL",
      "price": 587.41,
      "quantity": 200,
      "order_type": "LIMIT"
    },
    {
      "timestamp": "2025-03-01T09:37:14.384172+00:00",
      "side": "SELL",
      "price": 587.43,
      "quantity": 200,
      "order_type": "LIMIT"
    },
    {
      "timestamp": "2025-03-01T09:37:14.467672+00:00",
      "side": "SELL",
      "price": 587.4,
      "quantity": 200,
      "order_type": "LIMIT"
    },
    {
      "timestamp": "2025-03-01T09:37:14.530214+00:00",
      "side": "SELL",
      "price": 587.51,
      "quantity": 200,
      "order_type": "LIMIT"
    },
    {
      "timestamp": "2025-03-01T09:37:14.578315+00:00",
      "side": "SELL",
      "price": 587.51,
      "quantity": 200,
      "order_type": "LIMIT"
    },
    {
      "timestamp": "2025-03-01T09:37:14.623714+00:00",
      "side": "SELL",
      "price": 587.51,
      "quantity": 200,
      "order_type": "LIMIT"
    },
    {
      "timestamp": "2025-03-01T09:37:14.668961+00:00",
      "side": "SELL",
      "price": 587.51,
      "quantity": 200,
      "order_type": "LIMIT"
    },
    {
      "timestamp": "2025-03-01T09:37:14.714424+00:00",
      "side": "SELL",
      "price": 587.51,
      "quantity": 200,
      "order_type": "LIMIT"
    },
    {
      "timestamp": "2025-03-01T09:37:14.843250+00:00",
      "side": "BUY",
      "price": 587.19,
      "quantity": 18,
      "order_type": "LIMIT"
    },
    {
      "timestamp": "2025-03-01T09:37:19.138740+00:00",
      "side": "SELL",
      "price": 587.64,
      "quantity": 100,
      "order_type": "LIMIT"
    },
    {
      "timestamp": "2025-03-01T09:37:20.249206+00:00",
      "side": "SELL",
      "price": 587.4,
      "quantity": 100,
      "order_type": "LIMIT"
    },
    {
      "timestamp": "2025-03-01T09:37:20.499006+00:00",
      "side": "SELL",
      "price": 587.54,
      "quantity": 100,
      "order_type": "LIMIT"
    },
    {
      "timestamp": "2025-03-01T09:37:22.466719+00:00",
      "side": "SELL",
      "price": 587.51,
      "quantity": 200,
      "order_type": "LIMIT"
    },
    {
      "timestamp": "2025-03-01T09:37:23.054693+00:00",
      "side": "BUY",
      "price": 587.12,
      "quantity": 18,
      "order_type": "LIMIT"
    },
    {
      "timestamp": "2025-03-01T09:37:23.879542+00:00",
      "side": "SELL",
      "price": 587.44,
      "quantity": 200,
      "order_type": "LIMIT"
    },
    {
      "timestamp": "2025-03-01T09:37:24.766214+00:00",
      "side": "BUY",
      "price": 587.08,
      "quantity": 18,
      "order_type": "LIMIT"
    },
    {
      "timestamp": "2025-03-01T09:37:26.773514+00:00",
      "side": "BUY",
      "price": 586.42,
      "quantity": 100,
      "order_type": "LIMIT"
    },
    {
      "timestamp": "2025-03-01T09:37:26.952155+00:00",
      "side": "SELL",
      "price": 587.45,
      "quantity": 200,
      "order_type": "LIMIT"
    },
    {
      "timestamp": "2025-03-01T09:37:27.142715+00:00",
      "side": "SELL",
      "price": 587.42,
      "quantity": 200,
      "order_type": "LIMIT"
    },
    {
      "timestamp": "2025-03-01T09:37:27.304041+00:00",
      "side": "SELL",
      "price": 587.42,
      "quantity": 200,
      "order_type": "LIMIT"
    },
    {
      "timestamp": "2025-03-01T09:37:27.469773+00:00",
      "side": "SELL",
      "price": 587.42,
      "quantity": 200,
      "order_type": "LIMIT"
    },
    {
      "timestamp": "2025-03-01T09:37:27.825029+00:00",
      "side": "BUY",
      "price": 586.61,
      "quantity": 100,
      "order_type": "LIMIT"
    },
    {
      "timestamp": "2025-03-01T09:37:28.674804+00:00",
      "side": "BUY",
      "price": 587.02,
      "quantity": 18,
      "order_type": "LIMIT"
    },
    {
      "timestamp": "2025-03-01T09:37:29.385685+00:00",
      "side": "BUY",
      "price": 587.0,
      "quantity": 18,
      "order_type": "LIMIT"
    },
    {
      "timestamp": "2025-03-01T09:37:31.350041+00:00",
      "side": "SELL",
      "price": 587.25,
      "quantity": 100,
      "order_type": "LIMIT"
    },
    {
      "timestamp": "2025-03-01T09:37:31.734283+00:00",
      "side": "SELL",
      "price": 587.38,
      "quantity": 100,
      "order_type": "LIMIT"
    },
    {
      "timestamp": "2025-03-01T09:37:33.396494+00:00",
      "side": "BUY",
      "price": 586.99,
      "quantity": 18,
      "order_type": "LIMIT"
    },
    {
      "timestamp": "2025-03-01T09:37:34.280323+00:00",
      "side": "BUY",
      "price": 587.0,
      "quantity": 18,
      "order_type": "LIMIT"
    },
    {
      "timestamp": "2025-03-01T09:37:36.191344+00:00",
      "side": "BUY",
      "price": 587.0,
      "quantity": 18,
      "order_type": "LIMIT"
    },
    {
      "timestamp": "2025-03-01T09:37:38.096492+00:00",
      "side": "BUY",
      "price": 587.02,
      "quantity": 200,
      "order_type": "LIMIT"
    },
    {
      "timestamp": "2025-03-01T09:37:39.939123+00:00",
      "side": "BUY",
      "price": 587.13,
      "quantity": 91,
      "order_type": "LIMIT"
    },
    {
      "timestamp": "2025-03-01T09:37:40.384690+00:00",
      "side": "BUY",
      "price": 586.88,
      "quantity": 400,
      "order_type": "LIMIT"
    },
    {
      "timestamp": "2025-03-01T09:37:41.546098+00:00",
      "side": "BUY",
      "price": 586.8,
      "quantity": 100,
      "order_type": "LIMIT"
    },
    {
      "timestamp": "2025-03-01T09:37:44.226351+00:00",
      "side": "BUY",
      "price": 587.18,
      "quantity": 18,
      "order_type": "LIMIT"
    },
    {
      "timestamp": "2025-03-01T09:37:45.206405+00:00",
      "side": "BUY",
      "price": 587.16,
      "quantity": 18,
      "order_type": "LIMIT"
    },
    {
      "timestamp": "2025-03-01T09:37:48.202759+00:00",
      "side": "BUY",
      "price": 587.17,
      "quantity": 18,
      "order_type": "LIMIT"
    },
    {
      "timestamp": "2025-03-01T09:37:51.630188+00:00",
      "side": "BUY",
      "price": 587.16,
      "quantity": 18,
      "order_type": "LIMIT"
    },
    {
      "timestamp": "2025-03-01T09:37:54.209355+00:00",
      "side": "SELL",
      "price": 587.36,
      "quantity": 100,
      "order_type": "LIMIT"
    },
    {
      "timestamp": "2025-03-01T09:37:55.231982+00:00",
      "side": "BUY",
      "price": 587.03,
      "quantity": 100,
      "order_type": "LIMIT"
    },
    {
      "timestamp": "2025-03-01T09:37:55.705427+00:00",
      "side": "SELL",
      "price": 587.34,
      "quantity": 100,
      "order_type": "LIMIT"
    },
    {
      "timestamp": "2025-03-01T09:37:56.095514+00:00",
      "side": "SELL",
      "price": 587.29,
      "quantity": 18,
      "order_type": "LIMIT"
    },
    {
      "timestamp": "2025-03-01T09:37:56.569946+00:00",
      "side": "SELL",
      "price": 587.28,
      "quantity": 18,
      "order_type": "LIMIT"
    },
    {
      "timestamp": "2025-03-01T09:37:56.660749+00:00",
      "side": "SELL",
      "price": 587.22,
      "quantity": 100,
      "order_type": "LIMIT"
    },
    {
      "timestamp": "2025-03-01T09:37:57.517705+00:00",
      "side": "SELL",
      "price": 587.23,
      "quantity": 6,
      "order_type": "LIMIT"
    },
    {
      "timestamp": "2025-03-01T09:37:57.696963+00:00",
      "side": "SELL",
      "price": 587.2,
      "quantity": 100,
      "order_type": "LIMIT"
    },
    {
      "timestamp": "2025-03-01T09:37:59.005315+00:00",
      "side": "SELL",
      "price": 587.19,
      "quantity": 100,
      "order_type": "LIMIT"
    },
    {
      "timestamp": "2025-03-01T09:38:00.841373+00:00",
      "side": "BUY",
      "price": 586.53,
      "quantity": 100,
      "order_type": "LIMIT"
    },
    {
      "timestamp": "2025-03-01T09:38:00.988982+00:00",
      "side": "SELL",
      "price": 587.24,
      "quantity": 100,
      "order_type": "LIMIT"
    },
    {
      "timestamp": "2025-03-01T09:38:01.099550+00:00",
      "side": "SELL",
      "price": 587.02,
      "quantity": 100,
      "order_type": "LIMIT"
    },
    {
      "timestamp": "2025-03-01T09:38:02.207952+00:00",
      "side": "SELL",
      "price": 587.13,
      "quantity": 20,
      "order_type": "LIMIT"
    },
    {
      "timestamp": "2025-03-01T09:38:04.194056+00:00",
      "side": "SELL",
      "price": 587.07,
      "quantity": 100,
      "order_type": "LIMIT"
    },
    {
      "timestamp": "2025-03-01T09:38:04.518107+00:00",
      "side": "BUY",
      "price": 586.71,
      "quantity": 18,
      "order_type": "LIMIT"
    },
    {
      "timestamp": "2025-03-01T09:38:05.359234+00:00",
      "side": "BUY",
      "price": 586.72,
      "quantity": 18,
      "order_type": "LIMIT"
    },
    {
      "timestamp": "2025-03-01T09:38:07.578893+00:00",
      "side": "SELL",
      "price": 587.25,
      "quantity": 100,
      "order_type": "LIMIT"
    },
    {
      "timestamp": "2025-03-01T09:38:08.333958+00:00",
      "side": "SELL",
      "price": 587.07,
      "quantity": 200,
      "order_type": "LIMIT"
    },
    {
      "timestamp": "2025-03-01T09:38:09.013533+00:00",
      "side": "BUY",
      "price": 586.8,
      "quantity": 18,
      "order_type": "LIMIT"
    },
    {
      "timestamp": "2025-03-01T09:38:10.128869+00:00",
      "side": "BUY",
      "price": 586.9,
      "quantity": 18,
      "order_type": "LIMIT"
    },
    {
      "timestamp": "2025-03-01T09:38:13.577318+00:00",
      "side": "BUY",
      "price": 586.81,
      "quantity": 100,
      "order_type": "LIMIT"
    },
    {
      "timestamp": "2025-03-01T09:38:15.728117+00:00",
      "side": "SELL",
      "price": 587.03,
      "quantity": 100,
      "order_type": "LIMIT"
    },
    {
      "timestamp": "2025-03-01T09:38:15.952095+00:00",
      "side": "SELL",
      "price": 586.92,
      "quantity": 100,
      "order_type": "LIMIT"
    },
    {
      "timestamp": "2025-03-01T09:38:17.081982+00:00",
      "side": "SELL",
      "price": 586.93,
      "quantity": 100,
      "order_type": "LIMIT"
    },
    {
      "timestamp": "2025-03-01T09:38:18.895293+00:00",
      "side": "SELL",
      "price": 586.87,
      "quantity": 200,
      "order_type": "LIMIT"
    },
    {
      "timestamp": "2025-03-01T09:38:19.405269+00:00",
      "side": "BUY",
      "price": 586.52,
      "quantity": 100,
      "order_type": "LIMIT"
    },
    {
      "timestamp": "2025-03-01T09:38:21.736180+00:00",
      "side": "SELL",
      "price": 586.79,
      "quantity": 100,
      "order_type": "LIMIT"
    },
    {
      "timestamp": "2025-03-01T09:38:22.504824+00:00",
      "side": "SELL",
      "price": 586.82,
      "quantity": 100,
      "order_type": "LIMIT"
    },
    {
      "timestamp": "2025-03-01T09:38:23.888749+00:00",
      "side": "SELL",
      "price": 586.67,
      "quantity": 100,
      "order_type": "LIMIT"
    },
    {
      "timestamp": "2025-03-01T09:38:25.285571+00:00",
      "side": "BUY",
      "price": 586.42,
      "quantity": 5,
      "order_type": "LIMIT"
    },
    {
      "timestamp": "2025-03-01T09:38:26.208083+00:00",
      "side": "SELL",
      "price": 586.51,
      "quantity": 100,
      "order_type": "LIMIT"
    },
    {
      "timestamp": "2025-03-01T09:38:26.329759+00:00",
      "side": "SELL",
      "price": 586.53,
      "quantity": 200,
      "order_type": "LIMIT"
    },
    {
      "timestamp": "2025-03-01T09:38:26.793129+00:00",
      "side": "BUY",
      "price": 585.76,
      "quantity": 100,
      "order_type": "LIMIT"
    },
    {
      "timestamp": "2025-03-01T09:38:28.986509+00:00",
      "side": "SELL",
      "price": 586.5,
      "quantity": 100,
      "order_type": "LIMIT"
    },
    {
      "timestamp": "2025-03-01T09:38:29.284289+00:00",
      "side": "SELL",
      "price": 586.39,
      "quantity": 100,
      "order_type": "LIMIT"
    },
    {
      "timestamp": "2025-03-01T09:38:29.821540+00:00",
      "side": "BUY",
      "price": 586.11,
      "quantity": 100,
      "order_type": "LIMIT"
    },
    {
      "timestamp": "2025-03-01T09:38:29.946673+00:00",
      "side": "SELL",
      "price": 586.33,
      "quantity": 100,
      "order_type": "LIMIT"
    },
    {
      "timestamp": "2025-03-01T09:38:30.994036+00:00",
      "side": "BUY",
      "price": 586.11,
      "quantity": 100,
      "order_type": "LIMIT"
    },
    {
      "timestamp": "2025-03-01T09:38:31.794802+00:00",
      "side": "BUY",
      "price": 586.13,
      "quantity": 5,
      "order_type": "LIMIT"
    },
    {
      "timestamp": "2025-03-01T09:38:33.239408+00:00",
      "side": "SELL",
      "price": 586.1,
      "quantity": 100,
      "order_type": "LIMIT"
    },
    {
      "timestamp": "2025-03-01T09:38:34.153604+00:00",
      "side": "SELL",
      "price": 586.3,
      "quantity": 100,
      "order_type": "LIMIT"
    },
    {
      "timestamp": "2025-03-01T09:38:34.303215+00:00",
      "side": "SELL",
      "price": 586.05,
      "quantity": 100,
      "order_type": "LIMIT"
    },
    {
      "timestamp": "2025-03-01T09:38:34.841273+00:00",
      "side": "SELL",
      "price": 586.03,
      "quantity": 100,
      "order_type": "LIMIT"
    },
    {
      "timestamp": "2025-03-01T09:38:34.853357+00:00",
      "side": "SELL",
      "price": 585.9,
      "quantity": 100,
      "order_type": "LIMIT"
    },
    {
      "timestamp": "2025-03-01T09:38:34.916265+00:00",
      "side": "SELL",
      "price": 585.92,
      "quantity": 100,
      "order_type": "LIMIT"
    },
    {
      "timestamp": "2025-03-01T09:38:34.936141+00:00",
      "side": "SELL",
      "price": 585.86,
      "quantity": 100,
      "order_type": "LIMIT"
    },
    {
      "timestamp": "2025-03-01T09:38:34.982709+00:00",
      "side": "BUY",
      "price": 585.51,
      "quantity": 100,
      "order_type": "LIMIT"
    },
    {
      "timestamp": "2025-03-01T09:38:35.066013+00:00",
      "side": "SELL",
      "price": 585.87,
      "quantity": 42,
      "order_type": "LIMIT"
    },
    {
      "timestamp": "2025-03-01T09:38:35.346875+00:00",
      "side": "SELL",
      "price": 586.0,
      "quantity": 100,
      "order_type": "LIMIT"
    },
    {
      "timestamp": "2025-03-01T09:38:35.616880+00:00",
      "side": "SELL",
      "price": 586.76,
      "quantity": 100,
      "order_type": "LIMIT"
    },
    {
      "timestamp": "2025-03-01T09:38:35.674538+00:00",
      "side": "SELL",
      "price": 586.0,
      "quantity": 100,
      "order_type": "LIMIT"
    },
    {
      "timestamp": "2025-03-01T09:38:35.730127+00:00",
      "side": "SELL",
      "price": 586.0,
      "quantity": 100,
      "order_type": "LIMIT"
    },
    {
      "timestamp": "2025-03-01T09:38:35.771936+00:00",
      "side": "SELL",
      "price": 585.96,
      "quantity": 100,
      "order_type": "LIMIT"
    },
    {
      "timestamp": "2025-03-01T09:38:35.806273+00:00",
      "side": "SELL",
      "price": 586.02,
      "quantity": 100,
      "order_type": "LIMIT"
    },
    {
      "timestamp": "2025-03-01T09:38:36.264897+00:00",
      "side": "SELL",
      "price": 585.95,
      "quantity": 100,
      "order_type": "LIMIT"
    },
    {
      "timestamp": "2025-03-01T09:38:37.563692+00:00",
      "side": "SELL",
      "price": 585.85,
      "quantity": 100,
      "order_type": "LIMIT"
    },
    {
      "timestamp": "2025-03-01T09:38:38.357604+00:00",
      "side": "BUY",
      "price": 585.55,
      "quantity": 100,
      "order_type": "LIMIT"
    },
    {
      "timestamp": "2025-03-01T09:38:38.508708+00:00",
      "side": "SELL",
      "price": 585.92,
      "quantity": 200,
      "order_type": "LIMIT"
    },
    {
      "timestamp": "2025-03-01T09:38:38.535384+00:00",
      "side": "SELL",
      "price": 585.96,
      "quantity": 200,
      "order_type": "LIMIT"
    },
    {
      "timestamp": "2025-03-01T09:38:39.368516+00:00",
      "side": "BUY",
      "price": 585.52,
      "quantity": 100,
      "order_type": "LIMIT"
    },
    {
      "timestamp": "2025-03-01T09:38:43.430837+00:00",
      "side": "BUY",
      "price": 585.54,
      "quantity": 100,
      "order_type": "LIMIT"
    },
    {
      "timestamp": "2025-03-01T09:38:46.317098+00:00",
      "side": "BUY",
      "price": 585.4,
      "quantity": 100,
      "order_type": "LIMIT"
    },
    {
      "timestamp": "2025-03-01T09:38:50.129560+00:00",
      "side": "SELL",
      "price": 585.89,
      "quantity": 100,
      "order_type": "LIMIT"
    },
    {
      "timestamp": "2025-03-01T09:38:53.538648+00:00",
      "side": "BUY",
      "price": 585.64,
      "quantity": 100,
      "order_type": "LIMIT"
    },
    {
      "timestamp": "2025-03-01T09:38:55.280555+00:00",
      "side": "BUY",
      "price": 586.02,
      "quantity": 5,
      "order_type": "LIMIT"
    },
    {
      "timestamp": "2025-03-01T09:38:55.427515+00:00",
      "side": "BUY",
      "price": 586.02,
      "quantity": 5,
      "order_type": "LIMIT"
    },
    {
      "timestamp": "2025-03-01T09:38:56.089411+00:00",
      "side": "SELL",
      "price": 586.2,
      "quantity": 200,
      "order_type": "LIMIT"
    },
    {
      "timestamp": "2025-03-01T09:38:56.151872+00:00",
      "side": "SELL",
      "price": 586.16,
      "quantity": 200,
      "order_type": "LIMIT"
    },
    {
      "timestamp": "2025-03-01T09:38:56.165040+00:00",
      "side": "SELL",
      "price": 586.18,
      "quantity": 200,
      "order_type": "LIMIT"
    },
    {
      "timestamp": "2025-03-01T09:38:56.235615+00:00",
      "side": "SELL",
      "price": 586.18,
      "quantity": 200,
      "order_type": "LIMIT"
    },
    {
      "timestamp": "2025-03-01T09:38:56.298807+00:00",
      "side": "SELL",
      "price": 586.17,
      "quantity": 200,
      "order_type": "LIMIT"
    },
    {
      "timestamp": "2025-03-01T09:38:56.366794+00:00",
      "side": "SELL",
      "price": 586.17,
      "quantity": 200,
      "order_type": "LIMIT"
    },
    {
      "timestamp": "2025-03-01T09:38:56.434267+00:00",
      "side": "SELL",
      "price": 586.17,
      "quantity": 200,
      "order_type": "LIMIT"
    },
    {
      "timestamp": "2025-03-01T09:38:56.959436+00:00",
      "side": "SELL",
      "price": 586.17,
      "quantity": 200,
      "order_type": "LIMIT"
    },
    {
      "timestamp": "2025-03-01T09:38:57.026926+00:00",
      "side": "SELL",
      "price": 586.17,
      "quantity": 200,
      "order_type": "LIMIT"
    },
    {
      "timestamp": "2025-03-01T09:38:57.120822+00:00",
      "side": "SELL",
      "price": 586.13,
      "quantity": 200,
      "order_type": "LIMIT"
    },
    {
      "timestamp": "2025-03-01T09:38:57.173668+00:00",
      "side": "SELL",
      "price": 586.16,
      "quantity": 200,
      "order_type": "LIMIT"
    },
    {
      "timestamp": "2025-03-01T09:38:57.250791+00:00",
      "side": "SELL",
      "price": 586.16,
      "quantity": 200,
      "order_type": "LIMIT"
    },
    {
      "timestamp": "2025-03-01T09:38:57.310634+00:00",
      "side": "SELL",
      "price": 586.16,
      "quantity": 200,
      "order_type": "LIMIT"
    },
    {
      "timestamp": "2025-03-01T09:38:57.382864+00:00",
      "side": "SELL",
      "price": 586.16,
      "quantity": 200,
      "order_type": "LIMIT"
    },
    {
      "timestamp": "2025-03-01T09:38:57.449267+00:00",
      "side": "SELL",
      "price": 586.17,
      "quantity": 200,
      "order_type": "LIMIT"
    },
    {
      "timestamp": "2025-03-01T09:38:57.521825+00:00",
      "side": "SELL",
      "price": 586.17,
      "quantity": 200,
      "order_type": "LIMIT"
    },
    {
      "timestamp": "2025-03-01T09:38:57.586122+00:00",
      "side": "SELL",
      "price": 586.16,
      "quantity": 200,
      "order_type": "LIMIT"
    },
    {
      "timestamp": "2025-03-01T09:38:57.659278+00:00",
      "side": "SELL",
      "price": 586.16,
      "quantity": 200,
      "order_type": "LIMIT"
    },
    {
      "timestamp": "2025-03-01T09:38:57.723004+00:00",
      "side": "SELL",
      "price": 586.17,
      "quantity": 200,
      "order_type": "LIMIT"
    },
    {
      "timestamp": "2025-03-01T09:38:57.784926+00:00",
      "side": "SELL",
      "price": 586.17,
      "quantity": 200,
      "order_type": "LIMIT"
    },
    {
      "timestamp": "2025-03-01T09:38:57.891282+00:00",
      "side": "BUY",
      "price": 585.54,
      "quantity": 45,
      "order_type": "LIMIT"
    },
    {
      "timestamp": "2025-03-01T09:39:00.630507+00:00",
      "side": "SELL",
      "price": 585.96,
      "quantity": 100,
      "order_type": "LIMIT"
    },
    {
      "timestamp": "2025-03-01T09:39:01.566001+00:00",
      "side": "SELL",
      "price": 586.08,
      "quantity": 100,
      "order_type": "LIMIT"
    },
    {
      "timestamp": "2025-03-01T09:39:02.076420+00:00",
      "side": "SELL",
      "price": 585.95,
      "quantity": 18,
      "order_type": "LIMIT"
    },
    {
      "timestamp": "2025-03-01T09:39:04.449627+00:00",
      "side": "BUY",
      "price": 585.61,
      "quantity": 100,
      "order_type": "LIMIT"
    },
    {
      "timestamp": "2025-03-01T09:39:08.358318+00:00",
      "side": "SELL",
      "price": 586.17,
      "quantity": 18,
      "order_type": "LIMIT"
    },
    {
      "timestamp": "2025-03-01T09:39:09.236930+00:00",
      "side": "SELL",
      "price": 586.05,
      "quantity": 18,
      "order_type": "LIMIT"
    },
    {
      "timestamp": "2025-03-01T09:39:09.803253+00:00",
      "side": "BUY",
      "price": 585.83,
      "quantity": 400,
      "order_type": "LIMIT"
    },
    {
      "timestamp": "2025-03-01T09:39:12.251843+00:00",
      "side": "SELL",
      "price": 585.94,
      "quantity": 18,
      "order_type": "LIMIT"
    },
    {
      "timestamp": "2025-03-01T09:39:14.617202+00:00",
      "side": "SELL",
      "price": 586.85,
      "quantity": 100,
      "order_type": "LIMIT"
    },
    {
      "timestamp": "2025-03-01T09:39:15.778149+00:00",
      "side": "SELL",
      "price": 586.03,
      "quantity": 100,
      "order_type": "LIMIT"
    },
    {
      "timestamp": "2025-03-01T09:39:18.438174+00:00",
      "side": "SELL",
      "price": 586.07,
      "quantity": 100,
      "order_type": "LIMIT"
    },
    {
      "timestamp": "2025-03-01T09:39:20.014588+00:00",
