{
  "AAPL": [
    {
      "timestamp": "2025-03-01T09:30:00.025580+00:00",
      "side": "SELL",
      "price": 585.92,
      "quantity": 18,
      "order_type": "LIMIT"
    },
    {
      "timestamp": "2025-03-01T09:30:00.271740+00:00",
      "side": "SELL",
      "price": 585.75,
      "quantity": 50,
      "order_type": "LIMIT"
    },
    {
      "timestamp": "2025-03-01T09:30:00.271740+00:00",
      "side": "SELL",
      "price": 585.8,
      "quantity": 4,
      "order_type": "LIMIT"
    },
    {
      "timestamp": "2025-03-01T09:30:00.393803+00:00",
      "side": "SELL",
      "price": 585.94,
      "quantity": 100,
      "order_type": "LIMIT"
    },
    {
      "timestamp": "2025-03-01T09:30:00.701389+00:00",
      "side": "SELL",
      "price": 585.87,
      "quantity": 100,
      "order_type": "LIMIT"
    },
    {
      "timestamp": "2025-03-01T09:30:01.011359+00:00",
      "side": "BUY",
      "price": 585.42,
      "quantity": 100,
      "order_type": "LIMIT"
    },
    {
      "timestamp": "2025-03-01T09:30:01.151828+00:00",
      "side": "SELL",
      "price": 585.99,
      "quantity": 15,
      "order_type": "LIMIT"
    },
    {
      "timestamp": "2025-03-01T09:30:01.151828+00:00",
      "side": "SELL",
      "price": 586.0,
      "quantity": 8,
      "order_type": "LIMIT"
    },
    {
      "timestamp": "2025-03-01T09:30:01.161037+00:00",
      "side": "BUY",
      "price": 585.5,
      "quantity": 100,
      "order_type": "LIMIT"
    },
    {
      "timestamp": "2025-03-01T09:30:01.183713+00:00",
      "side": "BUY",
      "price": 585.49,
      "quantity": 15,
      "order_type": "LIMIT"
    },
    {
      "timestamp": "2025-03-01T09:30:01.840762+00:00",
      "side": "SELL",
      "price": 585.77,
      "quantity": 18,
      "order_type": "LIMIT"
    },
    {
      "timestamp": "2025-03-01T09:30:02.255384+00:00",
      "side": "SELL",
      "price": 585.72,
      "quantity": 10,
      "order_type": "LIMIT"
    },
    {
      "timestamp": "2025-03-01T09:30:02.565632+00:00",
      "side": "SELL",
      "price": 585.78,
      "quantity": 18,
      "order_type": "LIMIT"
    },
    {
      "timestamp": "2025-03-01T09:30:02.756909+00:00",
      "side": "SELL",
      "price": 585.69,
      "quantity": 16,
      "order_type": "LIMIT"
    },
    {
      "timestamp": "2025-03-01T09:30:03.321850+00:00",
      "side": "BUY",
      "price": 585.37,
      "quantity": 100,
      "order_type": "LIMIT"
    },
    {
      "timestamp": "2025-03-01T09:30:04.105407+00:00",
      "side": "BUY",
      "price": 585.46,
      "quantity": 2,
      "order_type": "LIMIT"
    },
    {
      "timestamp": "2025-03-01T09:30:04.576711+00:00",
      "side": "BUY",
      "price": 585.47,
      "quantity": 100,
      "order_type": "LIMIT"
    },
    {
      "timestamp": "2025-03-01T09:30:05.765317+00:00",
      "side": "BUY",
      "price": 585.48,
      "quantity": 14,
      "order_type": "LIMIT"
    },
    {
      "timestamp": "2025-03-01T09:30:06.801158+00:00",
      "side": "SELL",
      "price": 585.66,
      "quantity": 18,
      "order_type": "LIMIT"
    },
    {
      "timestamp": "2025-03-01T09:30:09.780807+00:00",
      "side": "SELL",
      "price": 585.68,
      "quantity": 18,
      "order_type": "LIMIT"
    },
    {
      "timestamp": "2025-03-01T09:30:10.131536+00:00",
      "side": "SELL",
      "price": 585.65,
      "quantity": 18,
      "order_type": "LIMIT"
    },
    {
      "timestamp": "2025-03-01T09:30:10.868111+00:00",
      "side": "SELL",
      "price": 585.63,
      "quantity": 320,
      "order_type": "LIMIT"
    },
    {
      "timestamp": "2025-03-01T09:30:12.052058+00:00",
      "side": "SELL",
      "price": 585.54,
      "quantity": 18,
      "order_type": "LIMIT"
    },
    {
      "timestamp": "2025-03-01T09:30:12.267055+00:00",
      "side": "SELL",
      "price": 585.51,
      "quantity": 320,
      "order_type": "LIMIT"
    },
    {
      "timestamp": "2025-03-01T09:30:17.205484+00:00",
      "side": "BUY",
      "price": 585.36,
      "quantity": 18,
      "order_type": "LIMIT"
    },
    {
      "timestamp": "2025-03-01T09:30:19.517076+00:00",
      "side": "SELL",
      "price": 585.44,
      "quantity": 44,
      "order_type": "LIMIT"
    },
    {
      "timestamp": "2025-03-01T09:30:20.270330+00:00",
      "side": "SELL",
      "price": 585.61,
      "quantity": 14,
      "order_type": "LIMIT"
    },
    {
      "timestamp": "2025-03-01T09:30:24.336665+00:00",
      "side": "BUY",
      "price": 584.99,
      "quantity": 100,
      "order_type": "LIMIT"
    },
    {
      "timestamp": "2025-03-01T09:30:26.974363+00:00",
      "side": "SELL",
      "price": 585.67,
      "quantity": 18,
      "order_type": "LIMIT"
    },
    {
      "timestamp": "2025-03-01T09:30:27.732521+00:00",
      "side": "BUY",
      "price": 585.53,
      "quantity": 4,
      "order_type": "LIMIT"
    },
    {
      "timestamp": "2025-03-01T09:30:29.482377+00:00",
      "side": "SELL",
      "price": 585.79,
      "quantity": 18,
      "order_type": "LIMIT"
    },
    {
      "timestamp": "2025-03-01T09:30:30.352537+00:00",
      "side": "SELL",
      "price": 585.77,
      "quantity": 18,
      "order_type": "LIMIT"
    },
    {
      "timestamp": "2025-03-01T09:30:31.780273+00:00",
      "side": "BUY",
      "price": 585.52,
      "quantity": 100,
      "order_type": "LIMIT"
    },
    {
      "timestamp": "2025-03-01T09:30:33.005460+00:00",
      "side": "SELL",
      "price": 585.8,
      "quantity": 18,
      "order_type": "LIMIT"
    },
    {
      "timestamp": "2025-03-01T09:30:33.868678+00:00",
      "side": "SELL",
      "price": 585.77,
      "quantity": 18,
      "order_type": "LIMIT"
    },
    {
      "timestamp": "2025-03-01T09:30:34.355414+00:00",
      "side": "BUY",
      "price": 585.5,
      "quantity": 18,
      "order_type": "LIMIT"
    },
    {
      "timestamp": "2025-03-01T09:30:34.742685+00:00",
      "side": "SELL",
      "price": 585.77,
      "quantity": 18,
      "order_type": "LIMIT"
    },
    {
      "timestamp": "2025-03-01T09:30:35.707574+00:00",
      "side": "SELL",
      "price": 585.77,
      "quantity": 18,
      "order_type": "LIMIT"
    },
    {
      "timestamp": "2025-03-01T09:30:37.023501+00:00",
      "side": "BUY",
      "price": 585.51,
      "quantity": 12,
      "order_type": "LIMIT"
    },
    {
      "timestamp": "2025-03-01T09:30:38.384331+00:00",
      "side": "BUY",
      "price": 585.52,
      "quantity": 18,
      "order_type": "LIMIT"
    },
    {
      "timestamp": "2025-03-01T09:30:42.095740+00:00",
      "side": "BUY",
      "price": 585.47,
      "quantity": 100,
      "order_type": "LIMIT"
    },
    {
      "timestamp": "2025-03-01T09:30:43.161700+00:00",
      "side": "SELL",
      "price": 585.52,
      "quantity": 18,
      "order_type": "LIMIT"
    },
    {
      "timestamp": "2025-03-01T09:30:45.281806+00:00",
      "side": "BUY",
      "price": 585.31,
      "quantity": 100,
      "order_type": "LIMIT"
    },
    {
      "timestamp": "2025-03-01T09:30:46.945270+00:00",
      "side": "BUY",
      "price": 585.14,
      "quantity": 100,
      "order_type": "LIMIT"
    },
    {
      "timestamp": "2025-03-01T09:30:47.507575+00:00",
      "side": "BUY",
      "price": 585.21,
      "quantity": 100,
      "order_type": "LIMIT"
    },
    {
      "timestamp": "2025-03-01T09:30:47.598086+00:00",
      "side": "SELL",
      "price": 585.74,
      "quantity": 18,
      "order_type": "LIMIT"
    },
    {
      "timestamp": "2025-03-01T09:30:47.738295+00:00",
      "side": "SELL",
      "price": 585.71,
      "quantity": 100,
      "order_type": "LIMIT"
    },
    {
      "timestamp": "2025-03-01T09:30:49.492862+00:00",
      "side": "BUY",
      "price": 585.38,
      "quantity": 18,
      "order_type": "LIMIT"
    },
    {
      "timestamp": "2025-03-01T09:30:52.022156+00:00",
      "side": "BUY",
      "price": 585.69,
      "quantity": 100,
      "order_type": "LIMIT"
    },
    {
      "timestamp": "2025-03-01T09:30:52.028380+00:00",
      "side": "BUY",
      "price": 585.68,
      "quantity": 100,
      "order_type": "LIMIT"
    },
    {
      "timestamp": "2025-03-01T09:30:52.525836+00:00",
      "side": "BUY",
      "price": 585.33,
      "quantity": 6,
      "order_type": "LIMIT"
    },
    {
      "timestamp": "2025-03-01T09:30:53.687804+00:00",
      "side": "BUY",
      "price": 585.36,
      "quantity": 18,
      "order_type": "LIMIT"
    },
    {
      "timestamp": "2025-03-01T09:30:56.584770+00:00",
      "side": "SELL",
      "price": 585.64,
      "quantity": 100,
      "order_type": "LIMIT"
    },
    {
      "timestamp": "2025-03-01T09:30:56.973931+00:00",
      "side": "BUY",
      "price": 585.29,
      "quantity": 100,
      "order_type": "LIMIT"
    },
    {
      "timestamp": "2025-03-01T09:30:57.635712+00:00",
      "side": "SELL",
      "price": 585.65,
      "quantity": 12,
      "order_type": "LIMIT"
    },
    {
      "timestamp": "2025-03-01T09:30:58.779956+00:00",
      "side": "SELL",
      "price": 585.63,
      "quantity": 18,
      "order_type": "LIMIT"
    },
    {
      "timestamp": "2025-03-01T09:30:59.705454+00:00",
      "side": "BUY",
      "price": 585.35,
      "quantity": 18,
      "order_type": "LIMIT"
    },
    {
      "timestamp": "2025-03-01T09:30:59.729792+00:00",
      "side": "SELL",
      "price": 585.64,
      "quantity": 100,
      "order_type": "LIMIT"
    },
    {
      "timestamp": "2025-03-01T09:30:59.903341+00:00",
      "side": "SELL",
      "price": 585.61,
      "quantity": 18,
      "order_type": "LIMIT"
    },
    {
      "timestamp": "2025-03-01T09:31:00.190049+00:00",
      "side": "BUY",
      "price": 585.33,
      "quantity": 18,
      "order_type": "LIMIT"
    },
    {
      "timestamp": "2025-03-01T09:31:00.748381+00:00",
      "side": "BUY",
      "price": 585.33,
      "quantity": 18,
      "order_type": "LIMIT"
    },
    {
      "timestamp": "2025-03-01T09:31:01.342664+00:00",
      "side": "SELL",
      "price": 585.61,
      "quantity": 16,
      "order_type": "LIMIT"
    },
    {
      "timestamp": "2025-03-01T09:31:01.824199+00:00",
      "side": "BUY",
      "price": 585.36,
      "quantity": 2,
      "order_type": "LIMIT"
    },
    {
      "timestamp": "2025-03-01T09:31:02.348256+00:00",
      "side": "BUY",
      "price": 585.26,
      "quantity": 100,
      "order_type": "LIMIT"
    },
    {
      "timestamp": "2025-03-01T09:31:03.025275+00:00",
      "side": "BUY",
      "price": 585.36,
      "quantity": 18,
      "order_type": "LIMIT"
    },
    {
      "timestamp": "2025-03-01T09:31:04.257093+00:00",
      "side": "BUY",
      "price": 585.36,
      "quantity": 18,
      "order_type": "LIMIT"
    },
    {
      "timestamp": "2025-03-01T09:31:05.012575+00:00",
      "side": "SELL",
      "price": 585.62,
      "quantity": 100,
      "order_type": "LIMIT"
    },
    {
      "timestamp": "2025-03-01T09:31:06.056136+00:00",
      "side": "BUY",
      "price": 585.32,
      "quantity": 18,
      "order_type": "LIMIT"
    },
    {
      "timestamp": "2025-03-01T09:31:10.030771+00:00",
      "side": "SELL",
      "price": 585.46,
      "quantity": 10,
      "order_type": "LIMIT"
    },
    {
      "timestamp": "2025-03-01T09:31:10.231009+00:00",
      "side": "BUY",
      "price": 585.31,
      "quantity": 100,
      "order_type": "LIMIT"
    },
    {
      "timestamp": "2025-03-01T09:31:10.257455+00:00",
      "side": "SELL",
      "price": 585.61,
      "quantity": 18,
      "order_type": "LIMIT"
    },
    {
      "timestamp": "2025-03-01T09:31:11.094170+00:00",
      "side": "BUY",
      "price": 585.32,
      "quantity": 18,
      "order_type": "LIMIT"
    },
    {
      "timestamp": "2025-03-01T09:31:12.835953+00:00",
      "side": "SELL",
      "price": 585.77,
      "quantity": 200,
      "order_type": "LIMIT"
    },
    {
      "timestamp": "2025-03-01T09:31:14.644080+00:00",
      "side": "SELL",
      "price": 585.63,
      "quantity": 18,
      "order_type": "LIMIT"
    },
    {
      "timestamp": "2025-03-01T09:31:17.379775+00:00",
      "side": "SELL",
      "price": 585.64,
      "quantity": 100,
      "order_type": "LIMIT"
    },
    {
      "timestamp": "2025-03-01T09:31:18.336302+00:00",
      "side": "BUY",
      "price": 585.42,
      "quantity": 18,
      "order_type": "LIMIT"
    },
    {
      "timestamp": "2025-03-01T09:31:19.100916+00:00",
      "side": "BUY",
      "price": 585.46,
      "quantity": 18,
      "order_type": "LIMIT"
    },
    {
      "timestamp": "2025-03-01T09:31:20.952440+00:00",
      "side": "BUY",
      "price": 585.43,
      "quantity": 18,
      "order_type": "LIMIT"
    },
    {
      "timestamp": "2025-03-01T09:31:21.313810+00:00",
      "side": "BUY",
      "price": 585.43,
      "quantity": 18,
      "order_type": "LIMIT"
    },
    {
      "timestamp": "2025-03-01T09:31:21.356886+00:00",
      "side": "SELL",
      "price": 585.63,
      "quantity": 100,
      "order_type": "LIMIT"
    },
    {
      "timestamp": "2025-03-01T09:31:22.116583+00:00",
      "side": "BUY",
      "price": 585.25,
      "quantity": 35,
      "order_type": "LIMIT"
    },
    {
      "timestamp": "2025-03-01T09:31:23.725627+00:00",
      "side": "SELL",
      "price": 585.61,
      "quantity": 100,
      "order_type": "LIMIT"
    },
    {
      "timestamp": "2025-03-01T09:31:24.337823+00:00",
      "side": "SELL",
      "price": 585.59,
      "quantity": 100,
      "order_type": "LIMIT"
    },
    {
      "timestamp": "2025-03-01T09:31:24.524764+00:00",
      "side": "BUY",
      "price": 585.25,
      "quantity": 35,
      "order_type": "LIMIT"
    },
    {
      "timestamp": "2025-03-01T09:31:25.201425+00:00",
      "side": "SELL",
      "price": 585.55,
      "quantity": 100,
      "order_type": "LIMIT"
    },
    {
      "timestamp": "2025-03-01T09:31:25.877658+00:00",
      "side": "SELL",
      "price": 585.48,
      "quantity": 100,
      "order_type": "LIMIT"
    },
    {
      "timestamp": "2025-03-01T09:31:26.037225+00:00",
      "side": "BUY",
      "price": 585.27,
      "quantity": 9,
      "order_type": "LIMIT"
    },
    {
      "timestamp": "2025-03-01T09:31:26.934688+00:00",
      "side": "SELL",
      "price": 585.41,
      "quantity": 100,
      "order_type": "LIMIT"
    },
    {
      "timestamp": "2025-03-01T09:31:27.121082+00:00",
      "side": "BUY",
      "price": 585.25,
      "quantity": 35,
      "order_type": "LIMIT"
    },
    {
      "timestamp": "2025-03-01T09:31:27.722086+00:00",
      "side": "SELL",
      "price": 585.53,
      "quantity": 18,
      "order_type": "LIMIT"
    },
    {
      "timestamp": "2025-03-01T09:31:27.725845+00:00",
      "side": "SELL",
      "price": 585.5,
      "quantity": 6,
      "order_type": "LIMIT"
    },
    {
      "timestamp": "2025-03-01T09:31:27.819795+00:00",
      "side": "BUY",
      "price": 584.99,
      "quantity": 100,
      "order_type": "LIMIT"
    },
    {
      "timestamp": "2025-03-01T09:31:27.857641+00:00",
      "side": "SELL",
      "price": 585.28,
      "quantity": 100,
      "order_type": "LIMIT"
    },
    {
      "timestamp": "2025-03-01T09:31:27.992323+00:00",
      "side": "BUY",
      "price": 585.0,
      "quantity": 6,
      "order_type": "LIMIT"
    },
    {
      "timestamp": "2025-03-01T09:31:28.204018+00:00",
      "side": "SELL",
      "price": 585.12,
      "quantity": 100,
      "order_type": "LIMIT"
    },
    {
      "timestamp": "2025-03-01T09:31:28.725639+00:00",
      "side": "SELL",
      "price": 585.01,
      "quantity": 50,
      "order_type": "LIMIT"
    },
    {
      "timestamp": "2025-03-01T09:31:28.770969+00:00",
      "side": "SELL",
      "price": 584.97,
      "quantity": 100,
      "order_type": "LIMIT"
    },
    {
      "timestamp": "2025-03-01T09:31:31.201815+00:00",
      "side": "SELL",
      "price": 585.64,
      "quantity": 100,
      "order_type": "LIMIT"
    },
    {
      "timestamp": "2025-03-01T09:31:31.747577+00:00",
      "side": "SELL",
      "price": 584.9,
      "quantity": 100,
      "order_type": "LIMIT"
    },
    {
      "timestamp": "2025-03-01T09:31:35.527195+00:00",
      "side": "SELL",
      "price": 585.64,
      "quantity": 980,
      "order_type": "LIMIT"
    },
    {
      "timestamp": "2025-03-01T09:31:38.551157+00:00",
      "side": "SELL",
      "price": 585.48,
      "quantity": 100,
      "order_type": "LIMIT"
    },
    {
      "timestamp": "2025-03-01T09:31:43.636527+00:00",
      "side": "SELL",
      "price": 584.87,
      "quantity": 100,
      "order_type": "LIMIT"
    },
    {
      "timestamp": "2025-03-01T09:31:45.109012+00:00",
      "side": "SELL",
      "price": 585.12,
      "quantity": 100,
      "order_type": "LIMIT"
    },
    {
      "timestamp": "2025-03-01T09:31:45.116187+00:00",
      "side": "SELL",
      "price": 585.16,
      "quantity": 100,
      "order_type": "LIMIT"
    },
    {
      "timestamp": "2025-03-01T09:31:45.125407+00:00",
      "side": "SELL",
      "price": 585.2,
      "quantity": 100,
      "order_type": "LIMIT"
    },
    {
      "timestamp": "2025-03-01T09:31:45.130722+00:00",
      "side": "SELL",
      "price": 585.25,
      "quantity": 200,
      "order_type": "LIMIT"
    },
    {
      "timestamp": "2025-03-01T09:31:45.527463+00:00",
      "side": "SELL",
      "price": 585.13,
      "quantity": 100,
      "order_type": "LIMIT"
    },
    {
      "timestamp": "2025-03-01T09:31:47.102030+00:00",
      "side": "SELL",
      "price": 585.13,
      "quantity": 100,
      "order_type": "LIMIT"
    },
    {
      "timestamp": "2025-03-01T09:31:49.208264+00:00",
      "side": "SELL",
      "price": 585.15,
      "quantity": 100,
      "order_type": "LIMIT"
    },
    {
      "timestamp": "2025-03-01T09:31:49.572687+00:00",
      "side": "SELL",
      "price": 585.04,
      "quantity": 1,
      "order_type": "LIMIT"
    },
    {
      "timestamp": "2025-03-01T09:31:49.799113+00:00",
      "side": "SELL",
      "price": 585.05,
      "quantity": 100,
      "order_type": "LIMIT"
    },
    {
      "timestamp": "2025-03-01T09:31:49.999264+00:00",
      "side": "SELL",
      "price": 585.03,
      "quantity": 1,
      "order_type": "LIMIT"
    },
    {
      "timestamp": "2025-03-01T09:31:50.119335+00:00",
      "side": "SELL",
      "price": 585.03,
      "quantity": 1,
      "order_type": "LIMIT"
    },
    {
      "timestamp": "2025-03-01T09:31:50.315440+00:00",
      "side": "SELL",
      "price": 585.23,
      "quantity": 18,
      "order_type": "LIMIT"
    },
    {
      "timestamp": "2025-03-01T09:31:50.725695+00:00",
      "side": "SELL",
      "price": 585.04,
      "quantity": 1,
      "order_type": "LIMIT"
    },
    {
      "timestamp": "2025-03-01T09:31:51.217451+00:00",
      "side": "SELL",
      "price": 585.06,
      "quantity": 100,
      "order_type": "LIMIT"
    },
    {
      "timestamp": "2025-03-01T09:31:51.339067+00:00",
      "side": "SELL",
      "price": 585.39,
      "quantity": 1,
      "order_type": "LIMIT"
    },
    {
      "timestamp": "2025-03-01T09:31:51.648274+00:00",
      "side": "SELL",
      "price": 585.39,
      "quantity": 18,
      "order_type": "LIMIT"
    },
    {
      "timestamp": "2025-03-01T09:31:52.086544+00:00",
      "side": "SELL",
      "price": 585.05,
      "quantity": 100,
      "order_type": "LIMIT"
    },
    {
      "timestamp": "2025-03-01T09:31:52.292912+00:00",
      "side": "SELL",
      "price": 585.04,
      "quantity": 1,
      "order_type": "LIMIT"
    },
    {
      "timestamp": "2025-03-01T09:31:52.696138+00:00",
      "side": "SELL",
      "price": 585.05,
      "quantity": 100,
      "order_type": "LIMIT"
    },
    {
      "timestamp": "2025-03-01T09:31:52.954095+00:00",
      "side": "SELL",
      "price": 585.05,
      "quantity": 100,
      "order_type": "LIMIT"
    },
    {
      "timestamp": "2025-03-01T09:31:53.995977+00:00",
      "side": "SELL",
      "price": 585.04,
      "quantity": 1,
      "order_type": "LIMIT"
    },
    {
      "timestamp": "2025-03-01T09:31:54.163181+00:00",
      "side": "SELL",
      "price": 585.28,
      "quantity": 1,
      "order_type": "LIMIT"
    },
    {
      "timestamp": "2025-03-01T09:31:54.517407+00:00",
      "side": "SELL",
      "price": 585.28,
      "quantity": 2,
      "order_type": "LIMIT"
    },
    {
      "timestamp": "2025-03-01T09:31:54.667988+00:00",
      "side": "BUY",
      "price": 584.56,
      "quantity": 100,
      "order_type": "LIMIT"
    },
    {
      "timestamp": "2025-03-01T09:31:55.407153+00:00",
      "side": "SELL",
      "price": 585.17,
      "quantity": 100,
      "order_type": "LIMIT"
    },
    {
      "timestamp": "2025-03-01T09:31:56.778031+00:00",
      "side": "SELL",
      "price": 585.29,
      "quantity": 100,
      "order_type": "LIMIT"
    },
    {
      "timestamp": "2025-03-01T09:31:57.557579+00:00",
      "side": "SELL",
      "price": 585.16,
      "quantity": 100,
      "order_type": "LIMIT"
    },
    {
      "timestamp": "2025-03-01T09:31:58.795441+00:00",
      "side": "SELL",
      "price": 585.4,
      "quantity": 200,
      "order_type": "LIMIT"
    },
    {
      "timestamp": "2025-03-01T09:32:02.134853+00:00",
      "side": "SELL",
      "price": 585.43,
      "quantity": 200,
      "order_type": "LIMIT"
    },
    {
      "timestamp": "2025-03-01T09:32:04.202745+00:00",
      "side": "BUY",
      "price": 585.03,
      "quantity": 100,
      "order_type": "LIMIT"
    },
    {
      "timestamp": "2025-03-01T09:32:07.798360+00:00",
      "side": "BUY",
      "price": 584.83,
      "quantity": 100,
      "order_type": "LIMIT"
    },
    {
      "timestamp": "2025-03-01T09:32:08.190864+00:00",
      "side": "BUY",
      "price": 584.98,
      "quantity": 100,
      "order_type": "LIMIT"
    },
    {
      "timestamp": "2025-03-01T09:32:09.834310+00:00",
      "side": "BUY",
      "price": 585.16,
      "quantity": 100,
      "order_type": "LIMIT"
    },
    {
      "timestamp": "2025-03-01T09:32:10.041258+00:00",
      "side": "SELL",
      "price": 585.43,
      "quantity": 100,
      "order_type": "LIMIT"
    },
    {
      "timestamp": "2025-03-01T09:32:11.264408+00:00",
      "side": "SELL",
      "price": 585.22,
      "quantity": 100,
      "order_type": "LIMIT"
    },
    {
      "timestamp": "2025-03-01T09:32:14.192749+00:00",
      "side": "SELL",
      "price": 585.22,
      "quantity": 100,
      "order_type": "LIMIT"
    },
    {
      "timestamp": "2025-03-01T09:32:16.109206+00:00",
      "side": "BUY",
      "price": 585.01,
      "quantity": 147,
      "order_type": "LIMIT"
    },
    {
      "timestamp": "2025-03-01T09:32:21.205274+00:00",
      "side": "SELL",
      "price": 585.29,
      "quantity": 18,
      "order_type": "LIMIT"
    },
    {
      "timestamp": "2025-03-01T09:32:26.322337+00:00",
      "side": "SELL",
      "price": 585.2,
      "quantity": 1,
      "order_type": "LIMIT"
    },
    {
      "timestamp": "2025-03-01T09:32:26.842958+00:00",
      "side": "SELL",
      "price": 585.3,
      "quantity": 1,
      "order_type": "LIMIT"
    },
    {
      "timestamp": "2025-03-01T09:32:27.124644+00:00",
      "side": "SELL",
      "price": 585.32,
      "quantity": 1,
      "order_type": "LIMIT"
    },
    {
      "timestamp": "2025-03-01T09:32:27.390017+00:00",
      "side": "SELL",
      "price": 585.21,
      "quantity": 100,
      "order_type": "LIMIT"
    },
    {
      "timestamp": "2025-03-01T09:32:28.841908+00:00",
      "side": "SELL",
      "price": 585.21,
      "quantity": 1,
      "order_type": "LIMIT"
    },
    {
      "timestamp": "2025-03-01T09:32:29.819887+00:00",
      "side": "SELL",
      "price": 585.43,
      "quantity": 18,
      "order_type": "LIMIT"
    },
    {
      "timestamp": "2025-03-01T09:32:32.676521+00:00",
      "side": "SELL",
      "price": 585.18,
      "quantity": 1,
      "order_type": "LIMIT"
    },
    {
      "timestamp": "2025-03-01T09:32:40.125935+00:00",
      "side": "SELL",
      "price": 585.16,
      "quantity": 18,
      "order_type": "LIMIT"
    },
    {
      "timestamp": "2025-03-01T09:32:41.014615+00:00",
      "side": "SELL",
      "price": 585.15,
      "quantity": 100,
      "order_type": "LIMIT"
    },
    {
      "timestamp": "2025-03-01T09:32:43.680014+00:00",
      "side": "SELL",
      "price": 585.12,
      "quantity": 200,
      "order_type": "LIMIT"
    },
    {
      "timestamp": "2025-03-01T09:32:44.522770+00:00",
      "side": "SELL",
      "price": 585.14,
      "quantity": 1,
      "order_type": "LIMIT"
    },
    {
      "timestamp": "2025-03-01T09:32:45.428961+00:00",
      "side": "BUY",
      "price": 584.8,
      "quantity": 2000,
      "order_type": "LIMIT"
    },
    {
      "timestamp": "2025-03-01T09:32:47.492462+00:00",
      "side": "BUY",
      "price": 584.86,
      "quantity": 100,
      "order_type": "LIMIT"
    },
    {
      "timestamp": "2025-03-01T09:32:51.623394+00:00",
      "side": "SELL",
      "price": 585.27,
      "quantity": 200,
      "order_type": "LIMIT"
    },
    {
      "timestamp": "2025-03-01T09:32:54.101724+00:00",
      "side": "BUY",
      "price": 585.01,
      "quantity": 34,
      "order_type": "LIMIT"
    },
    {
      "timestamp": "2025-03-01T09:32:55.895331+00:00",
      "side": "SELL",
      "price": 585.75,
      "quantity": 200,
      "order_type": "LIMIT"
    },
    {
      "timestamp": "2025-03-01T09:32:55.949442+00:00",
      "side": "BUY",
      "price": 585.17,
      "quantity": 100,
      "order_type": "LIMIT"
    },
    {
      "timestamp": "2025-03-01T09:32:56.018479+00:00",
      "side": "BUY",
      "price": 585.22,
      "quantity": 100,
      "order_type": "LIMIT"
    },
    {
      "timestamp": "2025-03-01T09:32:56.023679+00:00",
      "side": "BUY",
      "price": 585.22,
      "quantity": 100,
      "order_type": "LIMIT"
    },
    {
      "timestamp": "2025-03-01T09:32:56.030911+00:00",
      "side": "BUY",
      "price": 585.22,
      "quantity": 100,
      "order_type": "LIMIT"
    },
    {
      "timestamp": "2025-03-01T09:32:56.073952+00:00",
      "side": "BUY",
      "price": 585.23,
      "quantity": 100,
      "order_type": "LIMIT"
    },
    {
      "timestamp": "2025-03-01T09:32:56.446897+00:00",
      "side": "BUY",
      "price": 585.23,
      "quantity": 100,
      "order_type": "LIMIT"
    },
    {
      "timestamp": "2025-03-01T09:32:56.483639+00:00",
      "side": "BUY",
      "price": 585.24,
      "quantity": 100,
      "order_type": "LIMIT"
    },
    {
      "timestamp": "2025-03-01T09:32:57.950940+00:00",
      "side": "BUY",
      "price": 585.25,
      "quantity": 100,
      "order_type": "LIMIT"
    },
    {
      "timestamp": "2025-03-01T09:32:59.285812+00:00",
      "side": "SELL",
      "price": 585.48,
      "quantity": 200,
      "order_type": "LIMIT"
    },
    {
      "timestamp": "2025-03-01T09:32:59.868682+00:00",
      "side": "SELL",
      "price": 585.59,
      "quantity": 100,
      "order_type": "LIMIT"
    },
    {
      "timestamp": "2025-03-01T09:33:00.652138+00:00",
      "side": "BUY",
      "price": 585.4,
      "quantity": 253,
      "order_type": "LIMIT"
    },
    {
      "timestamp": "2025-03-01T09:33:01.212803+00:00",
      "side": "BUY",
      "price": 585.36,
      "quantity": 75,
      "order_type": "LIMIT"
    },
    {
      "timestamp": "2025-03-01T09:33:02.530635+00:00",
      "side": "BUY",
      "price": 585.5,
      "quantity": 75,
      "order_type": "LIMIT"
    },
    {
      "timestamp": "2025-03-01T09:33:03.348709+00:00",
      "side": "BUY",
      "price": 585.5,
      "quantity": 100,
      "order_type": "LIMIT"
    },
    {
      "timestamp": "2025-03-01T09:33:03.539481+00:00",
      "side": "BUY",
      "price": 585.15,
      "quantity": 200,
      "order_type": "LIMIT"
    },
    {
      "timestamp": "2025-03-01T09:33:03.557907+00:00",
      "side": "BUY",
      "price": 585.16,
      "quantity": 200,
      "order_type": "LIMIT"
    },
    {
      "timestamp": "2025-03-01T09:33:03.580260+00:00",
      "side": "BUY",
      "price": 585.14,
      "quantity": 200,
      "order_type": "LIMIT"
    },
    {
      "timestamp": "2025-03-01T09:33:04.018100+00:00",
      "side": "BUY",
      "price": 585.04,
      "quantity": 200,
      "order_type": "LIMIT"
    },
    {
      "timestamp": "2025-03-01T09:33:04.558669+00:00",
      "side": "BUY",
      "price": 585.09,
      "quantity": 200,
      "order_type": "LIMIT"
    },
    {
      "timestamp": "2025-03-01T09:33:05.240869+00:00",
      "side": "BUY",
      "price": 585.27,
      "quantity": 201,
      "order_type": "LIMIT"
    },
    {
      "timestamp": "2025-03-01T09:33:05.263670+00:00",
      "side": "BUY",
      "price": 585.27,
      "quantity": 201,
      "order_type": "LIMIT"
    },
    {
      "timestamp": "2025-03-01T09:33:05.315792+00:00",
      "side": "BUY",
      "price": 585.27,
      "quantity": 201,
      "order_type": "LIMIT"
    },
    {
      "timestamp": "2025-03-01T09:33:05.422609+00:00",
      "side": "SELL",
      "price": 585.63,
      "quantity": 18,
      "order_type": "LIMIT"
    },
    {
      "timestamp": "2025-03-01T09:33:06.479549+00:00",
      "side": "SELL",
      "price": 585.59,
      "quantity": 18,
      "order_type": "LIMIT"
    },
    {
      "timestamp": "2025-03-01T09:33:07.365080+00:00",
      "side": "BUY",
      "price": 585.32,
      "quantity": 18,
      "order_type": "LIMIT"
    },
    {
      "timestamp": "2025-03-01T09:33:07.792493+00:00",
      "side": "BUY",
      "price": 585.26,
      "quantity": 151,
      "order_type": "LIMIT"
    },
    {
      "timestamp": "2025-03-01T09:33:09.161915+00:00",
      "side": "BUY",
      "price": 585.39,
      "quantity": 151,
      "order_type": "LIMIT"
    },
    {
      "timestamp": "2025-03-01T09:33:09.208420+00:00",
      "side": "BUY",
      "price": 585.39,
      "quantity": 151,
      "order_type": "LIMIT"
    },
    {
      "timestamp": "2025-03-01T09:33:09.591767+00:00",
      "side": "BUY",
      "price": 584.84,
      "quantity": 100,
      "order_type": "LIMIT"
    },
    {
      "timestamp": "2025-03-01T09:33:09.608387+00:00",
      "side": "SELL",
      "price": 585.6,
      "quantity": 18,
      "order_type": "LIMIT"
    },
    {
      "timestamp": "2025-03-01T09:33:09.740270+00:00",
      "side": "BUY",
      "price": 585.17,
      "quantity": 18,
      "order_type": "LIMIT"
    },
    {
      "timestamp": "2025-03-01T09:33:12.535416+00:00",
      "side": "SELL",
      "price": 585.61,
      "quantity": 18,
      "order_type": "LIMIT"
    },
    {
      "timestamp": "2025-03-01T09:33:14.290399+00:00",
      "side": "BUY",
      "price": 585.1,
      "quantity": 100,
      "order_type": "LIMIT"
    },
    {
      "timestamp": "2025-03-01T09:33:15.843874+00:00",
      "side": "BUY",
      "price": 585.18,
      "quantity": 18,
      "order_type": "LIMIT"
    },
    {
      "timestamp": "2025-03-01T09:33:15.856936+00:00",
      "side": "BUY",
      "price": 585.23,
      "quantity": 18,
      "order_type": "LIMIT"
    },
    {
      "timestamp": "2025-03-01T09:33:16.206469+00:00",
      "side": "SELL",
      "price": 585.74,
      "quantity": 200,
      "order_type": "LIMIT"
    },
    {
      "timestamp": "2025-03-01T09:33:16.729172+00:00",
      "side": "BUY",
      "price": 585.16,
      "quantity": 18,
      "order_type": "LIMIT"
    },
    {
      "timestamp": "2025-03-01T09:33:17.101774+00:00",
      "side": "BUY",
      "price": 585.45,
      "quantity": 2,
      "order_type": "LIMIT"
    },
    {
      "timestamp": "2025-03-01T09:33:17.318267+00:00",
      "side": "BUY",
      "price": 585.42,
      "quantity": 20,
      "order_type": "LIMIT"
    },
    {
      "timestamp": "2025-03-01T09:33:17.399506+00:00",
      "side": "SELL",
      "price": 585.87,
      "quantity": 200,
      "order_type": "LIMIT"
    },
    {
      "timestamp": "2025-03-01T09:33:17.409480+00:00",
      "side": "BUY",
      "price": 585.53,
      "quantity": 20,
      "order_type": "LIMIT"
    },
    {
      "timestamp": "2025-03-01T09:33:17.505405+00:00",
      "side": "SELL",
      "price": 585.88,
      "quantity": 100,
      "order_type": "LIMIT"
    },
    {
      "timestamp": "2025-03-01T09:33:17.686112+00:00",
      "side": "SELL",
      "price": 585.88,
      "quantity": 100,
      "order_type": "LIMIT"
    },
    {
      "timestamp": "2025-03-01T09:33:17.773630+00:00",
      "side": "BUY",
      "price": 585.46,
      "quantity": 200,
      "order_type": "LIMIT"
    },
    {
      "timestamp": "2025-03-01T09:33:17.854059+00:00",
      "side": "BUY",
      "price": 585.35,
      "quantity": 100,
      "order_type": "LIMIT"
    },
    {
      "timestamp": "2025-03-01T09:33:18.097068+00:00",
      "side": "SELL",
      "price": 585.8,
      "quantity": 100,
      "order_type": "LIMIT"
    },
    {
      "timestamp": "2025-03-01T09:33:18.272546+00:00",
      "side": "BUY",
      "price": 585.43,
      "quantity": 18,
      "order_type": "LIMIT"
    },
    {
      "timestamp": "2025-03-01T09:33:18.803808+00:00",
      "side": "BUY",
      "price": 585.54,
      "quantity": 18,
      "order_type": "LIMIT"
    },
    {
      "timestamp": "2025-03-01T09:33:19.175092+00:00",
      "side": "BUY",
      "price": 585.63,
      "quantity": 100,
      "order_type": "LIMIT"
    },
    {
      "timestamp": "2025-03-01T09:33:19.222584+00:00",
      "side": "SELL",
      "price": 586.0,
      "quantity": 29,
      "order_type": "LIMIT"
    },
    {
      "timestamp": "2025-03-01T09:33:19.269559+00:00",
      "side": "SELL",
      "price": 586.68,
      "quantity": 200,
      "order_type": "LIMIT"
    },
    {
      "timestamp": "2025-03-01T09:33:19.342777+00:00",
      "side": "SELL",
      "price": 586.15,
      "quantity": 100,
      "order_type": "LIMIT"
    },
    {
      "timestamp": "2025-03-01T09:33:19.403035+00:00",
      "side": "SELL",
      "price": 586.81,
      "quantity": 200,
      "order_type": "LIMIT"
    },
    {
      "timestamp": "2025-03-01T09:33:19.516288+00:00",
      "side": "SELL",
      "price": 586.29,
      "quantity": 200,
      "order_type": "LIMIT"
    },
    {
      "timestamp": "2025-03-01T09:33:19.734008+00:00",
      "side": "BUY",
      "price": 586.4,
      "quantity": 100,
      "order_type": "LIMIT"
    },
    {
      "timestamp": "2025-03-01T09:33:19.875513+00:00",
      "side": "BUY",
      "price": 586.38,
      "quantity": 100,
      "order_type": "LIMIT"
    },
    {
      "timestamp": "2025-03-01T09:33:20.062584+00:00",
      "side": "BUY",
      "price": 586.04,
      "quantity": 104,
      "order_type": "LIMIT"
    },
    {
      "timestamp": "2025-03-01T09:33:20.069144+00:00",
      "side": "BUY",
      "price": 586.18,
      "quantity": 100,
      "order_type": "LIMIT"
    },
    {
      "timestamp": "2025-03-01T09:33:20.076599+00:00",
      "side": "BUY",
      "price": 586.23,
      "quantity": 100,
      "order_type": "LIMIT"
    },
    {
      "timestamp": "2025-03-01T09:33:20.079218+00:00",
      "side": "BUY",
      "price": 586.31,
      "quantity": 100,
      "order_type": "LIMIT"
    },
    {
      "timestamp": "2025-03-01T09:33:20.101943+00:00",
      "side": "BUY",
      "price": 586.42,
      "quantity": 100,
      "order_type": "LIMIT"
    },
    {
      "timestamp": "2025-03-01T09:33:20.132895+00:00",
      "side": "SELL",
      "price": 586.51,
      "quantity": 100,
      "order_type": "LIMIT"
    },
    {
      "timestamp": "2025-03-01T09:33:20.276161+00:00",
      "side": "SELL",
      "price": 586.67,
      "quantity": 200,
      "order_type": "LIMIT"
    },
    {
      "timestamp": "2025-03-01T09:33:20.293741+00:00",
      "side": "BUY",
      "price": 586.06,
      "quantity": 104,
      "order_type": "LIMIT"
    },
    {
      "timestamp": "2025-03-01T09:33:20.326200+00:00",
      "side": "BUY",
      "price": 586.32,
      "quantity": 100,
      "order_type": "LIMIT"
    },
    {
      "timestamp": "2025-03-01T09:33:20.407576+00:00",
      "side": "BUY",
      "price": 586.06,
      "quantity": 104,
      "order_type": "LIMIT"
    },
    {
      "timestamp": "2025-03-01T09:33:20.426566+00:00",
      "side": "BUY",
      "price": 586.02,
      "quantity": 200,
      "order_type": "LIMIT"
    },
    {
      "timestamp": "2025-03-01T09:33:20.509224+00:00",
      "side": "BUY",
      "price": 586.19,
      "quantity": 18,
      "order_type": "LIMIT"
    },
    {
      "timestamp": "2025-03-01T09:33:20.678807+00:00",
      "side": "BUY",
      "price": 586.18,
      "quantity": 100,
      "order_type": "LIMIT"
    },
    {
      "timestamp": "2025-03-01T09:33:20.716206+00:00",
      "side": "BUY",
      "price": 586.06,
      "quantity": 104,
      "order_type": "LIMIT"
    },
    {
      "timestamp": "2025-03-01T09:33:20.722091+00:00",
      "side": "BUY",
      "price": 586.35,
      "quantity": 100,
      "order_type": "LIMIT"
    },
    {
      "timestamp": "2025-03-01T09:33:20.865134+00:00",
      "side": "BUY",
      "price": 586.21,
      "quantity": 18,
      "order_type": "LIMIT"
    },
    {
      "timestamp": "2025-03-01T09:33:20.994706+00:00",
      "side": "BUY",
      "price": 586.26,
      "quantity": 100,
      "order_type": "LIMIT"
    },
    {
      "timestamp": "2025-03-01T09:33:21.128690+00:00",
      "side": "BUY",
      "price": 586.14,
      "quantity": 100,
      "order_type": "LIMIT"
    },
    {
      "timestamp": "2025-03-01T09:33:21.705787+00:00",
      "side": "BUY",
      "price": 586.35,
      "quantity": 100,
      "order_type": "LIMIT"
    },
    {
      "timestamp": "2025-03-01T09:33:22.246229+00:00",
      "side": "SELL",
      "price": 586.74,
      "quantity": 100,
      "order_type": "LIMIT"
    },
    {
      "timestamp": "2025-03-01T09:33:22.608112+00:00",
      "side": "BUY",
      "price": 586.41,
      "quantity": 100,
      "order_type": "LIMIT"
    },
    {
      "timestamp": "2025-03-01T09:33:23.303617+00:00",
      "side": "SELL",
      "price": 586.77,
      "quantity": 100,
      "order_type": "LIMIT"
    },
    {
      "timestamp": "2025-03-01T09:33:23.843544+00:00",
      "side": "BUY",
      "price": 585.97,
      "quantity": 100,
      "order_type": "LIMIT"
    },
    {
      "timestamp": "2025-03-01T09:33:28.411216+00:00",
      "side": "SELL",
      "price": 586.95,
      "quantity": 100,
      "order_type": "LIMIT"
    },
    {
      "timestamp": "2025-03-01T09:33:29.324463+00:00",
      "side": "BUY",
      "price": 586.72,
      "quantity": 100,
      "order_type": "LIMIT"
    },
    {
      "timestamp": "2025-03-01T09:33:29.348253+00:00",
      "side": "SELL",
      "price": 586.86,
      "quantity": 200,
      "order_type": "LIMIT"
    },
    {
      "timestamp": "2025-03-01T09:33:30.020831+00:00",
      "side": "SELL",
      "price": 586.86,
      "quantity": 100,
      "order_type": "LIMIT"
    },
    {
      "timestamp": "2025-03-01T09:33:30.638826+00:00",
      "side": "BUY",
      "price": 586.79,
      "quantity": 100,
      "order_type": "LIMIT"
    },
    {
      "timestamp": "2025-03-01T09:33:30.644917+00:00",
      "side": "SELL",
      "price": 586.89,
      "quantity": 100,
      "order_type": "LIMIT"
    },
    {
      "timestamp": "2025-03-01T09:33:30.761395+00:00",
      "side": "SELL",
      "price": 586.99,
      "quantity": 100,
      "order_type": "LIMIT"
    },
    {
      "timestamp": "2025-03-01T09:33:30.816490+00:00",
      "side": "SELL",
      "price": 587.06,
      "quantity": 100,
      "order_type": "LIMIT"
    },
    {
      "timestamp": "2025-03-01T09:33:31.729772+00:00",
      "side": "BUY",
      "price": 586.79,
      "quantity": 18,
      "order_type": "LIMIT"
    },
    {
      "timestamp": "2025-03-01T09:33:32.642828+00:00",
      "side": "BUY",
      "price": 586.76,
      "quantity": 18,
      "order_type": "LIMIT"
    },
    {
      "timestamp": "2025-03-01T09:33:32.716871+00:00",
      "side": "SELL",
      "price": 587.06,
      "quantity": 200,
      "order_type": "LIMIT"
    },
    {
      "timestamp": "2025-03-01T09:33:32.838144+00:00",
      "side": "BUY",
      "price": 587.03,
      "quantity": 54,
      "order_type": "LIMIT"
    },
    {
      "timestamp": "2025-03-01T09:33:33.194162+00:00",
      "side": "SELL",
      "price": 587.17,
      "quantity": 200,
      "order_type": "LIMIT"
    },
    {
      "timestamp": "2025-03-01T09:33:33.410240+00:00",
      "side": "SELL",
      "price": 587.14,
      "quantity": 200,
      "order_type": "LIMIT"
    },
    {
      "timestamp": "2025-03-01T09:33:33.990515+00:00",
      "side": "BUY",
      "price": 586.77,
      "quantity": 18,
      "order_type": "LIMIT"
    },
    {
      "timestamp": "2025-03-01T09:33:35.956888+00:00",
      "side": "BUY",
      "price": 586.77,
      "quantity": 18,
      "order_type": "LIMIT"
    },
    {
      "timestamp": "2025-03-01T09:33:36.001748+00:00",
      "side": "SELL",
      "price": 587.04,
      "quantity": 4,
      "order_type": "LIMIT"
    },
    {
      "timestamp": "2025-03-01T09:33:36.616596+00:00",
      "side": "SELL",
      "price": 587.15,
      "quantity": 4,
      "order_type": "LIMIT"
    },
    {
      "timestamp": "2025-03-01T09:33:37.360488+00:00",
      "side": "SELL",
      "price": 587.09,
      "quantity": 53,
      "order_type": "LIMIT"
    },
    {
      "timestamp": "2025-03-01T09:33:39.578964+00:00",
      "side": "SELL",
      "price": 587.02,
      "quantity": 100,
      "order_type": "LIMIT"
    },
    {
      "timestamp": "2025-03-01T09:33:39.602472+00:00",
      "side": "BUY",
      "price": 585.98,
      "quantity": 100,
      "order_type": "LIMIT"
    },
    {
      "timestamp": "2025-03-01T09:33:39.615917+00:00",
      "side": "BUY",
      "price": 586.51,
      "quantity": 100,
      "order_type": "LIMIT"
    },
    {
      "timestamp": "2025-03-01T09:33:39.649785+00:00",
      "side": "BUY",
      "price": 586.32,
      "quantity": 200,
      "order_type": "LIMIT"
    },
    {
      "timestamp": "2025-03-01T09:33:39.659531+00:00",
      "side": "BUY",
      "price": 586.24,
      "quantity": 200,
      "order_type": "LIMIT"
    },
    {
      "timestamp": "2025-03-01T09:33:39.673052+00:00",
      "side": "BUY",
      "price": 586.21,
      "quantity": 200,
      "order_type": "LIMIT"
    },
    {
      "timestamp": "2025-03-01T09:33:39.704693+00:00",
      "side": "SELL",
      "price": 586.69,
      "quantity": 60,
      "order_type": "LIMIT"
    },
    {
      "timestamp": "2025-03-01T09:33:39.730887+00:00",
      "side": "BUY",
      "price": 586.08,
      "quantity": 18,
      "order_type": "LIMIT"
    },
    {
      "timestamp": "2025-03-01T09:33:39.761665+00:00",
      "side": "BUY",
      "price": 585.44,
      "quantity": 100,
      "order_type": "LIMIT"
    },
    {
      "timestamp": "2025-03-01T09:33:40.036320+00:00",
      "side": "BUY",
      "price": 585.02,
      "quantity": 100,
      "order_type": "LIMIT"
    },
    {
      "timestamp": "2025-03-01T09:33:40.045469+00:00",
      "side": "BUY",
      "price": 585.84,
      "quantity": 100,
      "order_type": "LIMIT"
    },
    {
      "timestamp": "2025-03-01T09:33:40.167945+00:00",
      "side": "BUY",
      "price": 586.01,
      "quantity": 18,
      "order_type": "LIMIT"
    },
    {
      "timestamp": "2025-03-01T09:33:40.415949+00:00",
      "side": "SELL",
      "price": 586.87,
      "quantity": 100,
      "order_type": "LIMIT"
    },
    {
      "timestamp": "2025-03-01T09:33:40.563676+00:00",
      "side": "SELL",
      "price": 587.41,
      "quantity": 100,
      "order_type": "LIMIT"
    },
    {
      "timestamp": "2025-03-01T09:33:41.036739+00:00",
      "side": "BUY",
      "price": 585.99,
      "quantity": 18,
      "order_type": "LIMIT"
    },
    {
      "timestamp": "2025-03-01T09:33:41.633412+00:00",
      "side": "BUY",
      "price": 586.06,
      "quantity": 18,
      "order_type": "LIMIT"
    },
    {
      "timestamp": "2025-03-01T09:33:42.792445+00:00",
      "side": "SELL",
      "price": 586.99,
      "quantity": 250,
      "order_type": "LIMIT"
    },
    {
      "timestamp": "2025-03-01T09:33:43.760235+00:00",
      "side": "BUY",
      "price": 586.08,
      "quantity": 18,
      "order_type": "LIMIT"
    },
    {
      "timestamp": "2025-03-01T09:33:45.299030+00:00",
      "side": "BUY",
      "price": 586.14,
      "quantity": 200,
      "order_type": "LIMIT"
    },
    {
      "timestamp": "2025-03-01T09:33:45.311319+00:00",
      "side": "BUY",
      "price": 586.16,
      "quantity": 200,
      "order_type": "LIMIT"
    },
    {
      "timestamp": "2025-03-01T09:33:45.330271+00:00",
      "side": "BUY",
      "price": 586.19,
      "quantity": 200,
      "order_type": "LIMIT"
    },
    {
      "timestamp": "2025-03-01T09:33:46.110989+00:00",
      "side": "BUY",
      "price": 585.31,
      "quantity": 50,
      "order_type": "LIMIT"
    },
    {
      "timestamp": "2025-03-01T09:33:46.764097+00:00",
      "side": "SELL",
      "price": 586.98,
      "quantity": 200,
      "order_type": "LIMIT"
    },
    {
      "timestamp": "2025-03-01T09:33:46.996780+00:00",
      "side": "BUY",
      "price": 586.29,
      "quantity": 18,
      "order_type": "LIMIT"
    },
    {
      "timestamp": "2025-03-01T09:33:50.626408+00:00",
      "side": "SELL",
      "price": 586.7,
      "quantity": 18,
      "order_type": "LIMIT"
    },
    {
      "timestamp": "2025-03-01T09:33:51.071232+00:00",
      "side": "BUY",
      "price": 586.35,
      "quantity": 6,
      "order_type": "LIMIT"
    },
    {
      "timestamp": "2025-03-01T09:33:51.264397+00:00",
      "side": "BUY",
      "price": 586.38,
      "quantity": 18,
      "order_type": "LIMIT"
    },
    {
      "timestamp": "2025-03-01T09:33:52.012321+00:00",
      "side": "BUY",
      "price": 586.61,
      "quantity": 100,
      "order_type": "LIMIT"
    },
    {
      "timestamp": "2025-03-01T09:33:53.188527+00:00",
      "side": "SELL",
      "price": 586.67,
      "quantity": 200,
      "order_type": "LIMIT"
    },
    {
      "timestamp": "2025-03-01T09:33:55.936884+00:00",
      "side": "SELL",
      "price": 586.82,
      "quantity": 12,
      "order_type": "LIMIT"
    },
    {
      "timestamp": "2025-03-01T09:33:56.838828+00:00",
      "side": "BUY",
      "price": 586.59,
      "quantity": 100,
      "order_type": "LIMIT"
    },
    {
      "timestamp": "2025-03-01T09:33:57.258724+00:00",
      "side": "BUY",
      "price": 586.78,
      "quantity": 100,
      "order_type": "LIMIT"
    },
    {
      "timestamp": "2025-03-01T09:33:57.308358+00:00",
      "side": "SELL",
      "price": 586.94,
      "quantity": 200,
      "order_type": "LIMIT"
    },
    {
      "timestamp": "2025-03-01T09:33:57.468592+00:00",
      "side": "BUY",
      "price": 586.73,
      "quantity": 100,
      "order_type": "LIMIT"
    },
    {
      "timestamp": "2025-03-01T09:33:58.321667+00:00",
      "side": "SELL",
      "price": 586.81,
      "quantity": 100,
      "order_type": "LIMIT"
    },
    {
      "timestamp": "2025-03-01T09:33:59.276607+00:00",
      "side": "BUY",
      "price": 586.72,
      "quantity": 100,
      "order_type": "LIMIT"
    },
    {
      "timestamp": "2025-03-01T09:34:00.446149+00:00",
      "side": "BUY",
      "price": 586.78,
      "quantity": 100,
      "order_type": "LIMIT"
    },
    {
      "timestamp": "2025-03-01T09:34:00.813082+00:00",
      "side": "BUY",
      "price": 586.79,
      "quantity": 100,
      "order_type": "LIMIT"
    },
    {
      "timestamp": "2025-03-01T09:34:01.457265+00:00",
      "side": "BUY",
      "price": 586.81,
      "quantity": 100,
      "order_type": "LIMIT"
    },
    {
      "timestamp": "2025-03-01T09:34:01.523247+00:00",
      "side": "SELL",
      "price": 587.13,
      "quantity": 200,
      "order_type": "LIMIT"
    },
    {
      "timestamp": "2025-03-01T09:34:01.529112+00:00",
      "side": "BUY",
      "price": 586.83,
      "quantity": 100,
      "order_type": "LIMIT"
    },
    {
      "timestamp": "2025-03-01T09:34:01.574033+00:00",
      "side": "BUY",
      "price": 586.92,
      "quantity": 18,
      "order_type": "LIMIT"
    },
    {
      "timestamp": "2025-03-01T09:34:01.665791+00:00",
      "side": "BUY",
      "price": 586.77,
      "quantity": 100,
      "order_type": "LIMIT"
    },
    {
      "timestamp": "2025-03-01T09:34:01.716233+00:00",
      "side": "BUY",
      "price": 586.87,
      "quantity": 100,
      "order_type": "LIMIT"
    },
    {
      "timestamp": "2025-03-01T09:34:01.750377+00:00",
      "side": "BUY",
      "price": 586.9,
      "quantity": 18,
      "order_type": "LIMIT"
    },
    {
      "timestamp": "2025-03-01T09:34:01.817925+00:00",
      "side": "BUY",
      "price": 586.77,
      "quantity": 100,
      "order_type": "LIMIT"
    },
    {
      "timestamp": "2025-03-01T09:34:01.850563+00:00",
      "side": "BUY",
      "price": 586.8,
      "quantity": 100,
      "order_type": "LIMIT"
    },
    {
      "timestamp": "2025-03-01T09:34:01.911509+00:00",
      "side": "SELL",
      "price": 587.21,
      "quantity": 100,
      "order_type": "LIMIT"
    },
    {
      "timestamp": "2025-03-01T09:34:01.960170+00:00",
      "side": "BUY",
      "price": 586.67,
      "quantity": 100,
      "order_type": "LIMIT"
    },
    {
      "timestamp": "2025-03-01T09:34:02.095774+00:00",
      "side": "SELL",
      "price": 587.09,
      "quantity": 100,
      "order_type": "LIMIT"
    },
    {
      "timestamp": "2025-03-01T09:34:02.157893+00:00",
      "side": "SELL",
      "price": 587.21,
      "quantity": 100,
      "order_type": "LIMIT"
    },
    {
      "timestamp": "2025-03-01T09:34:02.221160+00:00",
      "side": "SELL",
      "price": 587.17,
      "quantity": 100,
      "order_type": "LIMIT"
    },
    {
      "timestamp": "2025-03-01T09:34:02.316531+00:00",
      "side": "SELL",
      "price": 587.21,
      "quantity": 100,
      "order_type": "LIMIT"
    },
    {
      "timestamp": "2025-03-01T09:34:02.360399+00:00",
      "side": "BUY",
      "price": 586.85,
      "quantity": 18,
      "order_type": "LIMIT"
    },
    {
      "timestamp": "2025-03-01T09:34:02.439417+00:00",
      "side": "SELL",
      "price": 587.18,
      "quantity": 100,
      "order_type": "LIMIT"
    },
    {
      "timestamp": "2025-03-01T09:34:02.785437+00:00",
      "side": "BUY",
      "price": 586.78,
      "quantity": 18,
      "order_type": "LIMIT"
    },
    {
      "timestamp": "2025-03-01T09:34:03.423132+00:00",
      "side": "BUY",
      "price": 586.85,
      "quantity": 18,
      "order_type": "LIMIT"
    },
    {
      "timestamp": "2025-03-01T09:34:03.429046+00:00",
      "side": "SELL",
      "price": 587.21,
      "quantity": 100,
      "order_type": "LIMIT"
    },
    {
      "timestamp": "2025-03-01T09:34:03.579731+00:00",
      "side": "BUY",
      "price": 586.75,
      "quantity": 18,
      "order_type": "LIMIT"
    },
    {
      "timestamp": "2025-03-01T09:34:03.698203+00:00",
      "side": "SELL",
      "price": 587.15,
      "quantity": 100,
      "order_type": "LIMIT"
    },
    {
      "timestamp": "2025-03-01T09:34:04.025677+00:00",
      "side": "BUY",
      "price": 586.78,
      "quantity": 18,
      "order_type": "LIMIT"
    },
    {
      "timestamp": "2025-03-01T09:34:04.146383+00:00",
      "side": "BUY",
      "price": 586.86,
      "quantity": 18,
      "order_type": "LIMIT"
    },
    {
      "timestamp": "2025-03-01T09:34:05.447626+00:00",
      "side": "SELL",
      "price": 587.48,
      "quantity": 250,
      "order_type": "LIMIT"
    },
    {
      "timestamp": "2025-03-01T09:34:05.559154+00:00",
      "side": "BUY",
      "price": 586.02,
      "quantity": 100,
      "order_type": "LIMIT"
    },
    {
      "timestamp": "2025-03-01T09:34:07.676007+00:00",
      "side": "SELL",
      "price": 587.52,
      "quantity": 100,
      "order_type": "LIMIT"
    },
    {
      "timestamp": "2025-03-01T09:34:07.986529+00:00",
      "side": "SELL",
      "price": 587.42,
      "quantity": 100,
      "order_type": "LIMIT"
    },
    {
      "timestamp": "2025-03-01T09:34:08.973403+00:00",
      "side": "SELL",
      "price": 587.47,
      "quantity": 100,
      "order_type": "LIMIT"
    },
    {
      "timestamp": "2025-03-01T09:34:10.351666+00:00",
      "side": "SELL",
      "price": 587.4,
      "quantity": 40,
      "order_type": "LIMIT"
    },
    {
      "timestamp": "2025-03-01T09:34:10.657694+00:00",
      "side": "BUY",
      "price": 587.11,
      "quantity": 18,
      "order_type": "LIMIT"
    },
    {
      "timestamp": "2025-03-01T09:34:11.275776+00:00",
      "side": "BUY",
      "price": 587.23,
      "quantity": 100,
      "order_type": "LIMIT"
    },
    {
      "timestamp": "2025-03-01T09:34:12.221929+00:00",
      "side": "BUY",
      "price": 587.22,
      "quantity": 18,
      "order_type": "LIMIT"
    },
    {
      "timestamp": "2025-03-01T09:34:13.209987+00:00",
      "side": "BUY",
      "price": 587.22,
      "quantity": 18,
      "order_type": "LIMIT"
    },
    {
      "timestamp": "2025-03-01T09:34:14.603386+00:00",
      "side": "BUY",
      "price": 587.28,
      "quantity": 18,
      "order_type": "LIMIT"
    },
    {
      "timestamp": "2025-03-01T09:34:15.288805+00:00",
      "side": "SELL",
      "price": 587.56,
      "quantity": 200,
      "order_type": "LIMIT"
    },
    {
      "timestamp": "2025-03-01T09:34:16.675557+00:00",
      "side": "SELL",
      "price": 587.57,
      "quantity": 100,
      "order_type": "LIMIT"
    },
    {
      "timestamp": "2025-03-01T09:34:17.353061+00:00",
      "side": "BUY",
      "price": 587.33,
      "quantity": 18,
      "order_type": "LIMIT"
    },
    {
      "timestamp": "2025-03-01T09:34:17.551191+00:00",
      "side": "BUY",
      "price": 587.51,
      "quantity": 100,
      "order_type": "LIMIT"
    },
    {
      "timestamp": "2025-03-01T09:34:18.763265+00:00",
      "side": "BUY",
      "price": 587.57,
      "quantity": 100,
      "order_type": "LIMIT"
    },
    {
      "timestamp": "2025-03-01T09:34:19.126433+00:00",
      "side": "BUY",
      "price": 587.37,
      "quantity": 200,
      "order_type": "LIMIT"
    },
    {
      "timestamp": "2025-03-01T09:34:20.502971+00:00",
      "side": "SELL",
      "price": 587.86,
      "quantity": 100,
      "order_type": "LIMIT"
    },
    {
      "timestamp": "2025-03-01T09:34:21.261322+00:00",
      "side": "BUY",
      "price": 587.51,
      "quantity": 18,
      "order_type": "LIMIT"
    },
    {
      "timestamp": "2025-03-01T09:34:23.321594+00:00",
      "side": "SELL",
      "price": 588.09,
      "quantity": 100,
      "order_type": "LIMIT"
    },
    {
      "timestamp": "2025-03-01T09:34:25.462897+00:00",
      "side": "BUY",
      "price": 587.39,
      "quantity": 18,
      "order_type": "LIMIT"
    },
    {
      "timestamp": "2025-03-01T09:34:26.487420+00:00",
      "side": "BUY",
      "price": 587.3,
      "quantity": 200,
      "order_type": "LIMIT"
    },
    {
      "timestamp": "2025-03-01T09:34:26.717102+00:00",
      "side": "BUY",
      "price": 587.32,
      "quantity": 200,
      "order_type": "LIMIT"
    },
    {
      "timestamp": "2025-03-01T09:34:27.546452+00:00",
      "side": "SELL",
      "price": 587.67,
      "quantity": 12,
      "order_type": "LIMIT"
    },
    {
      "timestamp": "2025-03-01T09:34:28.111760+00:00",
      "side": "BUY",
      "price": 587.27,
      "quantity": 100,
      "order_type": "LIMIT"
    },
    {
      "timestamp": "2025-03-01T09:34:28.125578+00:00",
      "side": "BUY",
      "price": 587.29,
      "quantity": 18,
      "order_type": "LIMIT"
    },
    {
      "timestamp": "2025-03-01T09:34:28.974131+00:00",
      "side": "BUY",
      "price": 587.23,
      "quantity": 100,
      "order_type": "LIMIT"
    },
    {
      "timestamp": "2025-03-01T09:34:29.748507+00:00",
      "side": "BUY",
      "price": 587.23,
      "quantity": 200,
      "order_type": "LIMIT"
    },
    {
      "timestamp": "2025-03-01T09:34:30.466421+00:00",
      "side": "BUY",
      "price": 587.22,
      "quantity": 18,
      "order_type": "LIMIT"
    },
    {
      "timestamp": "2025-03-01T09:34:32.048564+00:00",
      "side": "BUY",
      "price": 587.21,
      "quantity": 18,
      "order_type": "LIMIT"
    },
    {
      "timestamp": "2025-03-01T09:34:32.380336+00:00",
      "side": "BUY",
      "price": 586.99,
      "quantity": 100,
      "order_type": "LIMIT"
    },
    {
      "timestamp": "2025-03-01T09:34:36.400207+00:00",
      "side": "BUY",
      "price": 587.09,
      "quantity": 100,
      "order_type": "LIMIT"
    },
    {
      "timestamp": "2025-03-01T09:34:36.410669+00:00",
      "side": "BUY",
      "price": 587.11,
      "quantity": 18,
      "order_type": "LIMIT"
    },
    {
      "timestamp": "2025-03-01T09:34:36.595797+00:00",
      "side": "BUY",
      "price": 587.17,
      "quantity": 18,
      "order_type": "LIMIT"
    },
    {
      "timestamp": "2025-03-01T09:34:37.810674+00:00",
      "side": "BUY",
      "price": 587.1,
      "quantity": 100,
      "order_type": "LIMIT"
    },
    {
      "timestamp": "2025-03-01T09:34:37.898765+00:00",
      "side": "SELL",
      "price": 587.67,
      "quantity": 200,
      "order_type": "LIMIT"
    },
    {
      "timestamp": "2025-03-01T09:34:38.862210+00:00",
      "side": "BUY",
      "price": 587.11,
      "quantity": 18,
      "order_type": "LIMIT"
    },
    {
      "timestamp": "2025-03-01T09:34:41.449514+00:00",
      "side": "BUY",
      "price": 587.16,
      "quantity": 18,
      "order_type": "LIMIT"
    },
    {
      "timestamp": "2025-03-01T09:34:42.012982+00:00",
      "side": "BUY",
      "price": 587.19,
      "quantity": 18,
      "order_type": "LIMIT"
    },
    {
      "timestamp": "2025-03-01T09:34:43.211780+00:00",
      "side": "BUY",
      "price": 587.08,
      "quantity": 100,
      "order_type": "LIMIT"
    },
    {
      "timestamp": "2025-03-01T09:34:44.838487+00:00",
      "side": "SELL",
      "price": 587.5,
      "quantity": 15,
      "order_type": "LIMIT"
    },
    {
      "timestamp": "2025-03-01T09:34:46.585038+00:00",
      "side": "SELL",
      "price": 587.37,
      "quantity": 200,
      "order_type": "LIMIT"
    },
    {
      "timestamp": "2025-03-01T09:34:49.711053+00:00",
      "side": "SELL",
      "price": 587.33,
      "quantity": 100,
      "order_type": "LIMIT"
    },
    {
      "timestamp": "2025-03-01T09:34:51.095813+00:00",
      "side": "SELL",
      "price": 587.4,
      "quantity": 100,
      "order_type": "LIMIT"
    },
    {
      "timestamp": "2025-03-01T09:34:51.357704+00:00",
      "side": "BUY",
      "price": 587.08,
      "quantity": 18,
      "order_type": "LIMIT"
    },
    {
      "timestamp": "2025-03-01T09:34:51.542295+00:00",
      "side": "SELL",
      "price": 587.5,
      "quantity": 200,
      "order_type": "LIMIT"
    },
    {
      "timestamp": "2025-03-01T09:34:52.983070+00:00",
      "side": "SELL",
      "price": 587.25,
      "quantity": 85,
      "order_type": "LIMIT"
    },
    {
      "timestamp": "2025-03-01T09:34:55.457765+00:00",
      "side": "SELL",
      "price": 587.51,
      "quantity": 100,
      "order_type": "LIMIT"
    },
    {
      "timestamp": "2025-03-01T09:34:58.799602+00:00",
      "side": "SELL",
      "price": 587.73,
      "quantity": 100,
      "order_type": "LIMIT"
    },
    {
      "timestamp": "2025-03-01T09:35:01.424720+00:00",
      "side": "SELL",
      "price": 587.39,
      "quantity": 150,
      "order_type": "LIMIT"
    },
    {
      "timestamp": "2025-03-01T09:35:04.216947+00:00",
      "side": "BUY",
      "price": 586.22,
      "quantity": 100,
      "order_type": "LIMIT"
    },
    {
      "timestamp": "2025-03-01T09:35:06.296711+00:00",
      "side": "BUY",
      "price": 587.06,
      "quantity": 100,
      "order_type": "LIMIT"
    },
    {
      "timestamp": "2025-03-01T09:35:06.840418+00:00",
      "side": "SELL",
      "price": 587.24,
      "quantity": 100,
      "order_type": "LIMIT"
    },
    {
      "timestamp": "2025-03-01T09:35:08.769401+00:00",
      "side": "BUY",
      "price": 586.85,
      "quantity": 100,
      "order_type": "LIMIT"
    },
    {
      "timestamp": "2025-03-01T09:35:08.853735+00:00",
      "side": "BUY",
      "price": 586.66,
      "quantity": 100,
      "order_type": "LIMIT"
    },
    {
      "timestamp": "2025-03-01T09:35:11.212185+00:00",
      "side": "SELL",
      "price": 587.66,
      "quantity": 20,
      "order_type": "LIMIT"
    },
    {
      "timestamp": "2025-03-01T09:35:15.361129+00:00",
      "side": "SELL",
      "price": 587.1,
      "quantity": 100,
      "order_type": "LIMIT"
    },
    {
      "timestamp": "2025-03-01T09:35:18.509096+00:00",
      "side": "SELL",
      "price": 586.92,
      "quantity": 100,
      "order_type": "LIMIT"
    },
    {
      "timestamp": "2025-03-01T09:35:22.608475+00:00",
      "side": "BUY",
      "price": 586.81,
      "quantity": 100,
      "order_type": "LIMIT"
    },
    {
      "timestamp": "2025-03-01T09:35:26.015078+00:00",
      "side": "SELL",
      "price": 587.07,
      "quantity": 200,
      "order_type": "LIMIT"
    },
    {
      "timestamp": "2025-03-01T09:35:26.864830+00:00",
      "side": "BUY",
      "price": 586.87,
      "quantity": 10,
      "order_type": "LIMIT"
    },
    {
      "timestamp": "2025-03-01T09:35:26.882630+00:00",
      "side": "BUY",
      "price": 586.59,
      "quantity": 100,
      "order_type": "LIMIT"
    },
    {
      "timestamp": "2025-03-01T09:35:28.855342+00:00",
      "side": "BUY",
      "price": 586.61,
      "quantity": 18,
      "order_type": "LIMIT"
    },
    {
      "timestamp": "2025-03-01T09:35:30.460504+00:00",
      "side": "SELL",
      "price": 587.0,
      "quantity": 1000,
      "order_type": "LIMIT"
    },
    {
      "timestamp": "2025-03-01T09:35:30.979847+00:00",
      "side": "SELL",
      "price": 586.9,
      "quantity": 100,
      "order_type": "LIMIT"
    },
    {
      "timestamp": "2025-03-01T09:35:31.480945+00:00",
      "side": "SELL",
      "price": 586.82,
      "quantity": 100,
      "order_type": "LIMIT"
    },
    {
      "timestamp": "2025-03-01T09:35:33.956511+00:00",
      "side": "SELL",
      "price": 586.93,
      "quantity": 100,
      "order_type": "LIMIT"
    },
    {
      "timestamp": "2025-03-01T09:35:40.574200+00:00",
      "side": "SELL",
      "price": 586.9,
      "quantity": 100,
      "order_type": "LIMIT"
    },
    {
      "timestamp": "2025-03-01T09:35:43.806484+00:00",
      "side": "SELL",
      "price": 587.6,
      "quantity": 50,
      "order_type": "LIMIT"
    },
    {
      "timestamp": "2025-03-01T09:35:45.614482+00:00",
      "side": "SELL",
      "price": 586.77,
      "quantity": 200,
      "order_type": "LIMIT"
    },
    {
      "timestamp": "2025-03-01T09:35:46.816980+00:00",
      "side": "SELL",
      "price": 586.85,
      "quantity": 100,
      "order_type": "LIMIT"
    },
    {
      "timestamp": "2025-03-01T09:35:48.069455+00:00",
      "side": "BUY",
      "price": 586.2,
      "quantity": 5,
      "order_type": "LIMIT"
    },
    {
      "timestamp": "2025-03-01T09:35:52.366970+00:00",
      "side": "BUY",
      "price": 586.63,
      "quantity": 20,
      "order_type": "LIMIT"
    },
    {
      "timestamp": "2025-03-01T09:35:56.635029+00:00",
      "side": "SELL",
      "price": 586.72,
      "quantity": 6,
      "order_type": "LIMIT"
    },
    {
      "timestamp": "2025-03-01T09:35:58.385286+00:00",
      "side": "BUY",
      "price": 586.4,
      "quantity": 18,
      "order_type": "LIMIT"
    },
    {
      "timestamp": "2025-03-01T09:36:00.393120+00:00",
      "side": "BUY",
      "price": 586.46,
      "quantity": 18,
      "order_type": "LIMIT"
    },
    {
      "timestamp": "2025-03-01T09:36:01.210989+00:00",
      "side": "SELL",
      "price": 586.89,
      "quantity": 100,
      "order_type": "LIMIT"
    },
    {
      "timestamp": "2025-03-01T09:36:03.989098+00:00",
      "side": "SELL",
      "price": 586.93,
      "quantity": 100,
      "order_type": "LIMIT"
    },
    {
      "timestamp": "2025-03-01T09:36:05.667685+00:00",
      "side": "SELL",
      "price": 586.9,
      "quantity": 100,
      "order_type": "LIMIT"
    },
    {
      "timestamp": "2025-03-01T09:36:06.304482+00:00",
      "side": "BUY",
      "price": 586.54,
      "quantity": 18,
      "order_type": "LIMIT"
    },
    {
      "timestamp": "2025-03-01T09:36:08.902314+00:00",
      "side": "BUY",
      "price": 586.39,
      "quantity": 200,
      "order_type": "LIMIT"
    },
    {
      "timestamp": "2025-03-01T09:36:16.566763+00:00",
      "side": "SELL",
      "price": 586.71,
      "quantity": 100,
      "order_type": "LIMIT"
    },
    {
      "timestamp": "2025-03-01T09:36:16.996894+00:00",
      "side": "BUY",
      "price": 586.58,
      "quantity": 18,
      "order_type": "LIMIT"
    },
    {
      "timestamp": "2025-03-01T09:36:17.191035+00:00",
      "side": "BUY",
      "price": 586.6,
      "quantity": 18,
      "order_type": "LIMIT"
    },
    {
      "timestamp": "2025-03-01T09:36:17.199787+00:00",
      "side": "BUY",
      "price": 586.72,
      "quantity": 18,
      "order_type": "LIMIT"
    },
    {
      "timestamp": "2025-03-01T09:36:17.862899+00:00",
      "side": "BUY",
      "price": 586.54,
      "quantity": 18,
      "order_type": "LIMIT"
    },
    {
      "timestamp": "2025-03-01T09:36:18.220111+00:00",
      "side": "BUY",
      "price": 586.56,
      "quantity": 18,
      "order_type": "LIMIT"
    },
    {
      "timestamp": "2025-03-01T09:36:18.393961+00:00",
      "side": "BUY",
      "price": 586.6,
      "quantity": 18,
      "order_type": "LIMIT"
    },
    {
      "timestamp": "2025-03-01T09:36:18.400626+00:00",
      "side": "SELL",
      "price": 586.97,
      "quantity": 100,
      "order_type": "LIMIT"
    },
    {
      "timestamp": "2025-03-01T09:36:18.870697+00:00",
      "side": "SELL",
      "price": 586.91,
      "quantity": 200,
      "order_type": "LIMIT"
    },
    {
      "timestamp": "2025-03-01T09:36:19.147982+00:00",
      "side": "SELL",
      "price": 586.91,
      "quantity": 200,
      "order_type": "LIMIT"
    },
    {
      "timestamp": "2025-03-01T09:36:19.319984+00:00",
      "side": "SELL",
      "price": 586.91,
      "quantity": 200,
      "order_type": "LIMIT"
    },
    {
      "timestamp": "2025-03-01T09:36:19.502747+00:00",
      "side": "SELL",
      "price": 586.91,
      "quantity": 200,
      "order_type": "LIMIT"
    },
    {
      "timestamp": "2025-03-01T09:36:20.123066+00:00",
      "side": "BUY",
      "price": 586.61,
      "quantity": 18,
      "order_type": "LIMIT"
    },
    {
      "timestamp": "2025-03-01T09:36:21.140021+00:00",
      "side": "BUY",
      "price": 586.53,
      "quantity": 18,
      "order_type": "LIMIT"
    },
    {
      "timestamp": "2025-03-01T09:36:21.683877+00:00",
      "side": "SELL",
      "price": 586.97,
      "quantity": 100,
      "order_type": "LIMIT"
    },
    {
      "timestamp": "2025-03-01T09:36:22.123032+00:00",
      "side": "BUY",
      "price": 586.79,
      "quantity": 18,
      "order_type": "LIMIT"
    },
    {
      "timestamp": "2025-03-01T09:36:23.781293+00:00",
      "side": "SELL",
      "price": 587.06,
      "quantity": 100,
      "order_type": "LIMIT"
    },
    {
      "timestamp": "2025-03-01T09:36:24.071302+00:00",
      "side": "SELL",
      "price": 587.1,
      "quantity": 200,
      "order_type": "LIMIT"
    },
    {
      "timestamp": "2025-03-01T09:36:24.121848+00:00",
      "side": "BUY",
      "price": 586.89,
      "quantity": 3,
      "order_type": "LIMIT"
    },
    {
      "timestamp": "2025-03-01T09:36:24.270107+00:00",
      "side": "BUY",
      "price": 586.67,
      "quantity": 100,
      "order_type": "LIMIT"
    },
    {
      "timestamp": "2025-03-01T09:36:25.088558+00:00",
      "side": "BUY",
      "price": 587.24,
      "quantity": 100,
      "order_type": "LIMIT"
    },
    {
      "timestamp": "2025-03-01T09:36:25.214389+00:00",
      "side": "SELL",
      "price": 587.46,
      "quantity": 100,
      "order_type": "LIMIT"
    },
    {
      "timestamp": "2025-03-01T09:36:26.202862+00:00",
      "side": "BUY",
      "price": 587.01,
      "quantity": 200,
      "order_type": "LIMIT"
    },
    {
      "timestamp": "2025-03-01T09:36:26.319183+00:00",
      "side": "SELL",
      "price": 587.45,
      "quantity": 100,
      "order_type": "LIMIT"
    },
    {
      "timestamp": "2025-03-01T09:36:28.627674+00:00",
      "side": "BUY",
      "price": 586.92,
      "quantity": 18,
      "order_type": "LIMIT"
    },
    {
      "timestamp": "2025-03-01T09:36:29.557708+00:00",
      "side": "SELL",
      "price": 587.47,
      "quantity": 100,
      "order_type": "LIMIT"
    },
    {
      "timestamp": "2025-03-01T09:36:30.621169+00:00",
      "side": "SELL",
      "price": 587.43,
      "quantity": 100,
      "order_type": "LIMIT"
    },
    {
      "timestamp": "2025-03-01T09:36:31.144942+00:00",
      "side": "BUY",
      "price": 587.05,
      "quantity": 18,
      "order_type": "LIMIT"
    },
    {
      "timestamp": "2025-03-01T09:36:34.526995+00:00",
      "side": "SELL",
      "price": 587.47,
      "quantity": 200,
      "order_type": "LIMIT"
    },
    {
      "timestamp": "2025-03-01T09:36:35.166851+00:00",
      "side": "SELL",
      "price": 587.42,
      "quantity": 200,
      "order_type": "LIMIT"
    },
    {
      "timestamp": "2025-03-01T09:36:35.386744+00:00",
      "side": "SELL",
      "price": 587.42,
      "quantity": 200,
      "order_type": "LIMIT"
    },
    {
      "timestamp": "2025-03-01T09:36:35.547732+00:00",
      "side": "SELL",
      "price": 587.42,
      "quantity": 200,
      "order_type": "LIMIT"
    },
    {
      "timestamp": "2025-03-01T09:36:35.638826+00:00",
      "side": "SELL",
      "price": 587.42,
      "quantity": 200,
      "order_type": "LIMIT"
    },
    {
      "timestamp": "2025-03-01T09:36:35.794768+00:00",
      "side": "SELL",
      "price": 587.42,
      "quantity": 200,
      "order_type": "LIMIT"
    },
    {
      "timestamp": "2025-03-01T09:36:35.923176+00:00",
      "side": "SELL",
      "price": 587.44,
      "quantity": 200,
      "order_type": "LIMIT"
    },
    {
      "timestamp": "2025-03-01T09:36:36.080159+00:00",
      "side": "SELL",
      "price": 587.44,
      "quantity": 200,
      "order_type": "LIMIT"
    },
    {
      "timestamp": "2025-03-01T09:36:36.332830+00:00",
      "side": "SELL",
      "price": 587.42,
      "quantity": 200,
      "order_type": "LIMIT"
    },
    {
      "timestamp": "2025-03-01T09:36:36.480058+00:00",
      "side": "BUY",
      "price": 587.13,
      "quantity": 18,
      "order_type": "LIMIT"
    },
    {
      "timestamp": "2025-03-01T09:36:36.593841+00:00",
      "side": "SELL",
      "price": 587.42,
      "quantity": 200,
      "order_type": "LIMIT"
    },
    {
      "timestamp": "2025-03-01T09:36:36.687881+00:00",
      "side": "SELL",
      "price": 587.42,
      "quantity": 200,
      "order_type": "LIMIT"
    },
    {
      "timestamp": "2025-03-01T09:36:36.809987+00:00",
      "side": "BUY",
      "price": 587.13,
      "quantity": 18,
      "order_type": "LIMIT"
    },
    {
      "timestamp": "2025-03-01T09:36:36.946908+00:00",
      "side": "SELL",
      "price": 587.44,
      "quantity": 200,
      "order_type": "LIMIT"
    },
    {
      "timestamp": "2025-03-01T09:36:37.713321+00:00",
      "side": "BUY",
      "price": 587.2,
      "quantity": 18,
      "order_type": "LIMIT"
    },
    {
      "timestamp": "2025-03-01T09:36:38.791876+00:00",
      "side": "BUY",
      "price": 587.3,
      "quantity": 100,
      "order_type": "LIMIT"
    },
    {
      "timestamp": "2025-03-01T09:36:39.905119+00:00",
      "side": "BUY",
      "price": 587.04,
      "quantity": 18,
      "order_type": "LIMIT"
    },
    {
      "timestamp": "2025-03-01T09:36:40.720309+00:00",
      "side": "SELL",
      "price": 587.28,
      "quantity": 100,
      "order_type": "LIMIT"
    },
    {
      "timestamp": "2025-03-01T09:36:41.440741+00:00",
      "side": "BUY",
      "price": 587.0,
      "quantity": 18,
      "order_type": "LIMIT"
    },
    {
      "timestamp": "2025-03-01T09:36:42.239835+00:00",
      "side": "SELL",
      "price": 587.25,
      "quantity": 100,
      "order_type": "LIMIT"
    },
    {
      "timestamp": "2025-03-01T09:36:43.614047+00:00",
      "side": "BUY",
      "price": 586.88,
      "quantity": 18,
      "order_type": "LIMIT"
    },
    {
      "timestamp": "2025-03-01T09:36:44.054238+00:00",
      "side": "BUY",
      "price": 586.87,
      "quantity": 18,
      "order_type": "LIMIT"
    },
    {
      "timestamp": "2025-03-01T09:36:44.298768+00:00",
      "side": "BUY",
      "price": 586.97,
      "quantity": 18,
      "order_type": "LIMIT"
    },
    {
      "timestamp": "2025-03-01T09:36:45.591916+00:00",
      "side": "BUY",
      "price": 586.95,
      "quantity": 18,
      "order_type": "LIMIT"
    },
    {
      "timestamp": "2025-03-01T09:36:47.676435+00:00",
      "side": "SELL",
      "price": 587.34,
      "quantity": 100,
      "order_type": "LIMIT"
    },
    {
      "timestamp": "2025-03-01T09:36:49.152722+00:00",
      "side": "BUY",
      "price": 586.72,
      "quantity": 18,
      "order_type": "LIMIT"
    },
    {
      "timestamp": "2025-03-01T09:36:49.808423+00:00",
      "side": "SELL",
      "price": 587.38,
      "quantity": 100,
      "order_type": "LIMIT"
    },
    {
      "timestamp": "2025-03-01T09:36:50.284066+00:00",
      "side": "BUY",
      "price": 587.12,
      "quantity": 18,
      "order_type": "LIMIT"
    },
    {
      "timestamp": "2025-03-01T09:36:52.247392+00:00",
      "side": "SELL",
      "price": 587.48,
      "quantity": 100,
      "order_type": "LIMIT"
    },
    {
      "timestamp": "2025-03-01T09:36:53.060552+00:00",
      "side": "BUY",
      "price": 587.12,
      "quantity": 100,
      "order_type": "LIMIT"
    },
    {
      "timestamp": "2025-03-01T09:36:53.101372+00:00",
      "side": "BUY",
      "price": 587.26,
      "quantity": 100,
      "order_type": "LIMIT"
    },
    {
      "timestamp": "2025-03-01T09:36:53.181840+00:00",
      "side": "BUY",
      "price": 587.29,
      "quantity": 100,
      "order_type": "LIMIT"
    },
    {
      "timestamp": "2025-03-01T09:36:53.973887+00:00",
      "side": "BUY",
      "price": 587.27,
      "quantity": 100,
      "order_type": "LIMIT"
    },
    {
      "timestamp": "2025-03-01T09:36:54.054423+00:00",
      "side": "BUY",
      "price": 587.31,
      "quantity": 18,
      "order_type": "LIMIT"
    },
    {
      "timestamp": "2025-03-01T09:36:54.656374+00:00",
      "side": "BUY",
      "price": 587.4,
      "quantity": 50,
      "order_type": "LIMIT"
    },
    {
      "timestamp": "2025-03-01T09:36:54.869963+00:00",
      "side": "BUY",
      "price": 587.34,
      "quantity": 100,
      "order_type": "LIMIT"
    },
    {
      "timestamp": "2025-03-01T09:36:59.190405+00:00",
      "side": "SELL",
      "price": 587.35,
      "quantity": 500,
      "order_type": "LIMIT"
    },
    {
      "timestamp": "2025-03-01T09:36:59.755263+00:00",
      "side": "BUY",
      "price": 587.26,
      "quantity": 18,
      "order_type": "LIMIT"
    },
    {
      "timestamp": "2025-03-01T09:36:59.828090+00:00",
      "side": "SELL",
      "price": 587.57,
      "quantity": 100,
      "order_type": "LIMIT"
    },
    {
      "timestamp": "2025-03-01T09:37:01.724313+00:00",
      "side": "SELL",
      "price": 587.62,
      "quantity": 100,
      "order_type": "LIMIT"
    },
    {
      "timestamp": "2025-03-01T09:37:03.299444+00:00",
      "side": "BUY",
      "price": 587.26,
      "quantity": 100,
      "order_type": "LIMIT"
    },
    {
      "timestamp": "2025-03-01T09:37:04.095865+00:00",
      "side": "SELL",
      "price": 587.64,
      "quantity": 200,
      "order_type": "LIMIT"
    },
    {
      "timestamp": "2025-03-01T09:37:04.859838+00:00",
      "side": "BUY",
      "price": 586.52,
      "quantity": 100,
      "order_type": "LIMIT"
    },
    {
      "timestamp": "2025-03-01T09:37:04.880300+00:00",
      "side": "SELL",
      "price": 587.65,
      "quantity": 200,
      "order_type": "LIMIT"
    },
    {
      "timestamp": "2025-03-01T09:37:04.902651+00:00",
      "side": "SELL",
      "price": 587.65,
      "quantity": 200,
      "order_type": "LIMIT"
    },
    {
      "timestamp": "2025-03-01T09:37:04.926949+00:00",
      "side": "SELL",
      "price": 587.65,
      "quantity": 200,
      "order_type": "LIMIT"
    },
    {
      "timestamp": "2025-03-01T09:37:04.947987+00:00",
      "side": "SELL",
      "price": 587.65,
      "quantity": 200,
      "order_type": "LIMIT"
    },
    {
      "timestamp": "2025-03-01T09:37:04.970919+00:00",
      "side": "SELL",
      "price": 587.65,
      "quantity": 200,
      "order_type": "LIMIT"
    },
    {
      "timestamp": "2025-03-01T09:37:06.102693+00:00",
      "side": "BUY",
      "price": 587.4,
      "quantity": 100,
      "order_type": "LIMIT"
    },
    {
      "timestamp": "2025-03-01T09:37:09.075468+00:00",
      "side": "SELL",
      "price": 587.27,
      "quantity": 100,
      "order_type": "LIMIT"
    },
    {
      "timestamp": "2025-03-01T09:37:10.013041+00:00",
      "side": "SELL",
      "price": 587.24,
      "quantity": 22,
      "order_type": "LIMIT"
    },
    {
      "timestamp": "2025-03-01T09:37:11.436854+00:00",
      "side": "SELL",
      "price": 587.23,
      "quantity": 22,
      "order_type": "LIMIT"
    },
    {
      "timestamp": "2025-03-01T09:37:13.051943+00:00",
      "side": "SELL",
      "price": 587.58,
      "quantity": 20,
      "order_type": "LIMIT"
    },
    {
      "timestamp": "2025-03-01T09:37:14.160692+00:00",
      "side": "SELL",
      "price": 587.43,
      "quantity": 200,
      "order_type": "LIMIT"
    },
    {
      "timestamp": "2025-03-01T09:37:14.377176+00:00",
      "side": "SELL",
      "price": 587.43,
      "quantity": 200,
      "order_type": "LIMIT"
    },
    {
      "timestamp": "2025-03-01T09:37:14.460462+00:00",
      "side": "SELL",
      "price": 587.4,
      "quantity": 200,
      "order_type": "LIMIT"
    },
    {
      "timestamp": "2025-03-01T09:37:14.519071+00:00",
      "side": "SELL",
      "price": 587.39,
      "quantity": 200,
      "order_type": "LIMIT"
    },
    {
      "timestamp": "2025-03-01T09:37:14.561856+00:00",
      "side": "SELL",
      "price": 587.39,
      "quantity": 200,
      "order_type": "LIMIT"
    },
    {
      "timestamp": "2025-03-01T09:37:14.606482+00:00",
      "side": "SELL",
      "price": 587.39,
      "quantity": 200,
      "order_type": "LIMIT"
    },
    {
      "timestamp": "2025-03-01T09:37:14.652624+00:00",
      "side": "SELL",
      "price": 587.39,
      "quantity": 200,
      "order_type": "LIMIT"
    },
    {
      "timestamp": "2025-03-01T09:37:14.697317+00:00",
      "side": "SELL",
      "price": 587.39,
      "quantity": 200,
      "order_type": "LIMIT"
    },
    {
      "timestamp": "2025-03-01T09:37:14.744192+00:00",
      "side": "SELL",
      "price": 587.39,
      "quantity": 200,
      "order_type": "LIMIT"
    },
    {
      "timestamp": "2025-03-01T09:37:17.738714+00:00",
      "side": "BUY",
      "price": 587.08,
      "quantity": 100,
      "order_type": "LIMIT"
    },
    {
      "timestamp": "2025-03-01T09:37:20.248688+00:00",
      "side": "BUY",
      "price": 587.2,
      "quantity": 18,
      "order_type": "LIMIT"
    },
    {
      "timestamp": "2025-03-01T09:37:20.405971+00:00",
      "side": "BUY",
      "price": 586.22,
      "quantity": 100,
      "order_type": "LIMIT"
    },
    {
      "timestamp": "2025-03-01T09:37:22.118934+00:00",
      "side": "BUY",
      "price": 587.23,
      "quantity": 18,
      "order_type": "LIMIT"
    },
    {
      "timestamp": "2025-03-01T09:37:22.913083+00:00",
      "side": "BUY",
      "price": 587.08,
      "quantity": 18,
      "order_type": "LIMIT"
    },
    {
      "timestamp": "2025-03-01T09:37:23.348566+00:00",
      "side": "SELL",
      "price": 587.53,
      "quantity": 200,
      "order_type": "LIMIT"
    },
    {
      "timestamp": "2025-03-01T09:37:24.398145+00:00",
      "side": "SELL",
      "price": 587.42,
      "quantity": 200,
      "order_type": "LIMIT"
    },
    {
      "timestamp": "2025-03-01T09:37:26.172207+00:00",
      "side": "BUY",
      "price": 587.23,
      "quantity": 200,
      "order_type": "LIMIT"
    },
    {
      "timestamp": "2025-03-01T09:37:26.895065+00:00",
      "side": "SELL",
      "price": 587.45,
      "quantity": 200,
      "order_type": "LIMIT"
    },
    {
      "timestamp": "2025-03-01T09:37:27.081261+00:00",
      "side": "SELL",
      "price": 587.44,
      "quantity": 200,
      "order_type": "LIMIT"
    },
    {
      "timestamp": "2025-03-01T09:37:27.240220+00:00",
      "side": "SELL",
      "price": 587.44,
      "quantity": 200,
      "order_type": "LIMIT"
    },
    {
      "timestamp": "2025-03-01T09:37:27.403352+00:00",
      "side": "SELL",
      "price": 587.44,
      "quantity": 200,
      "order_type": "LIMIT"
    },
    {
      "timestamp": "2025-03-01T09:37:27.570241+00:00",
      "side": "SELL",
      "price": 587.44,
      "quantity": 200,
      "order_type": "LIMIT"
    },
    {
      "timestamp": "2025-03-01T09:37:28.613173+00:00",
      "side": "BUY",
      "price": 586.49,
      "quantity": 100,
      "order_type": "LIMIT"
    },
    {
      "timestamp": "2025-03-01T09:37:29.155320+00:00",
      "side": "BUY",
      "price": 586.6,
      "quantity": 100,
      "order_type": "LIMIT"
    },
    {
      "timestamp": "2025-03-01T09:37:30.864173+00:00",
      "side": "BUY",
      "price": 587.0,
      "quantity": 18,
      "order_type": "LIMIT"
    },
    {
      "timestamp": "2025-03-01T09:37:31.575697+00:00",
      "side": "BUY",
      "price": 587.0,
      "quantity": 18,
      "order_type": "LIMIT"
    },
    {
      "timestamp": "2025-03-01T09:37:33.396418+00:00",
      "side": "BUY",
      "price": 587.02,
      "quantity": 18,
      "order_type": "LIMIT"
    },
    {
      "timestamp": "2025-03-01T09:37:34.032272+00:00",
      "side": "SELL",
      "price": 587.35,
      "quantity": 1,
      "order_type": "LIMIT"
    },
    {
      "timestamp": "2025-03-01T09:37:36.120762+00:00",
      "side": "SELL",
      "price": 587.34,
      "quantity": 100,
      "order_type": "LIMIT"
    },
    {
      "timestamp": "2025-03-01T09:37:36.914251+00:00",
      "side": "BUY",
      "price": 587.11,
      "quantity": 18,
      "order_type": "LIMIT"
    },
    {
      "timestamp": "2025-03-01T09:37:39.606176+00:00",
      "side": "BUY",
      "price": 586.8,
      "quantity": 100,
      "order_type": "LIMIT"
    },
    {
      "timestamp": "2025-03-01T09:37:40.138621+00:00",
      "side": "BUY",
      "price": 587.12,
      "quantity": 200,
      "order_type": "LIMIT"
    },
    {
      "timestamp": "2025-03-01T09:37:40.874390+00:00",
      "side": "SELL",
      "price": 587.34,
      "quantity": 100,
      "order_type": "LIMIT"
    },
    {
      "timestamp": "2025-03-01T09:37:44.128481+00:00",
      "side": "SELL",
      "price": 587.32,
      "quantity": 100,
      "order_type": "LIMIT"
    },
    {
      "timestamp": "2025-03-01T09:37:45.206334+00:00",
      "side": "BUY",
      "price": 587.19,
      "quantity": 18,
      "order_type": "LIMIT"
    },
    {
      "timestamp": "2025-03-01T09:37:46.040155+00:00",
      "side": "BUY",
      "price": 587.16,
      "quantity": 18,
      "order_type": "LIMIT"
    },
    {
      "timestamp": "2025-03-01T09:37:49.113842+00:00",
      "side": "SELL",
      "price": 587.37,
      "quantity": 100,
      "order_type": "LIMIT"
    },
    {
      "timestamp": "2025-03-01T09:37:53.161766+00:00",
      "side": "SELL",
      "price": 587.5,
      "quantity": 350,
      "order_type": "LIMIT"
    },
    {
      "timestamp": "2025-03-01T09:37:55.224795+00:00",
      "side": "BUY",
      "price": 587.18,
      "quantity": 18,
      "order_type": "LIMIT"
    },
    {
      "timestamp": "2025-03-01T09:37:55.702505+00:00",
      "side": "BUY",
      "price": 587.13,
      "quantity": 200,
      "order_type": "LIMIT"
    },
    {
      "timestamp": "2025-03-01T09:37:55.881250+00:00",
      "side": "SELL",
      "price": 587.32,
      "quantity": 100,
      "order_type": "LIMIT"
    },
    {
      "timestamp": "2025-03-01T09:37:56.288484+00:00",
      "side": "SELL",
      "price": 587.26,
      "quantity": 100,
      "order_type": "LIMIT"
    },
    {
      "timestamp": "2025-03-01T09:37:56.657563+00:00",
      "side": "SELL",
      "price": 587.25,
      "quantity": 100,
      "order_type": "LIMIT"
    },
    {
      "timestamp": "2025-03-01T09:37:57.462415+00:00",
      "side": "BUY",
      "price": 586.9,
      "quantity": 100,
      "order_type": "LIMIT"
    },
    {
      "timestamp": "2025-03-01T09:37:57.530609+00:00",
      "side": "BUY",
      "price": 586.78,
      "quantity": 100,
      "order_type": "LIMIT"
    },
    {
      "timestamp": "2025-03-01T09:37:58.520881+00:00",
      "side": "SELL",
      "price": 587.18,
      "quantity": 100,
      "order_type": "LIMIT"
    },
    {
      "timestamp": "2025-03-01T09:38:00.152161+00:00",
      "side": "SELL",
      "price": 587.27,
      "quantity": 100,
      "order_type": "LIMIT"
    },
    {
      "timestamp": "2025-03-01T09:38:00.967867+00:00",
      "side": "SELL",
      "price": 587.2,
      "quantity": 100,
      "order_type": "LIMIT"
    },
    {
      "timestamp": "2025-03-01T09:38:01.047193+00:00",
      "side": "SELL",
      "price": 587.13,
      "quantity": 18,
      "order_type": "LIMIT"
    },
    {
      "timestamp": "2025-03-01T09:38:01.357641+00:00",
      "side": "SELL",
      "price": 587.12,
      "quantity": 200,
      "order_type": "LIMIT"
    },
    {
      "timestamp": "2025-03-01T09:38:04.187194+00:00",
      "side": "BUY",
      "price": 586.54,
      "quantity": 18,
      "order_type": "LIMIT"
    },
    {
      "timestamp": "2025-03-01T09:38:04.205932+00:00",
      "side": "SELL",
      "price": 587.02,
      "quantity": 100,
      "order_type": "LIMIT"
    },
    {
      "timestamp": "2025-03-01T09:38:04.958524+00:00",
      "side": "SELL",
      "price": 587.05,
      "quantity": 100,
      "order_type": "LIMIT"
    },
    {
      "timestamp": "2025-03-01T09:38:06.322149+00:00",
      "side": "BUY",
      "price": 586.7,
      "quantity": 8,
      "order_type": "LIMIT"
    },
    {
      "timestamp": "2025-03-01T09:38:08.303638+00:00",
      "side": "SELL",
      "price": 587.25,
      "quantity": 100,
      "order_type": "LIMIT"
    },
    {
      "timestamp": "2025-03-01T09:38:08.819212+00:00",
      "side": "BUY",
      "price": 586.78,
      "quantity": 100,
      "order_type": "LIMIT"
    },
    {
      "timestamp": "2025-03-01T09:38:09.552613+00:00",
      "side": "BUY",
      "price": 586.87,
      "quantity": 18,
      "order_type": "LIMIT"
    },
    {
      "timestamp": "2025-03-01T09:38:12.127039+00:00",
      "side": "SELL",
      "price": 587.03,
      "quantity": 100,
      "order_type": "LIMIT"
    },
    {
      "timestamp": "2025-03-01T09:38:15.716879+00:00",
      "side": "SELL",
      "price": 586.99,
      "quantity": 100,
      "order_type": "LIMIT"
    },
    {
      "timestamp": "2025-03-01T09:38:15.854888+00:00",
      "side": "BUY",
      "price": 586.56,
      "quantity": 100,
      "order_type": "LIMIT"
    },
    {
      "timestamp": "2025-03-01T09:38:16.579885+00:00",
      "side": "BUY",
      "price": 586.53,
      "quantity": 100,
      "order_type": "LIMIT"
    },
    {
      "timestamp": "2025-03-01T09:38:18.878792+00:00",
      "side": "SELL",
      "price": 586.85,
      "quantity": 100,
      "order_type": "LIMIT"
    },
    {
      "timestamp": "2025-03-01T09:38:19.345320+00:00",
      "side": "SELL",
      "price": 586.8,
      "quantity": 100,
      "order_type": "LIMIT"
    },
    {
      "timestamp": "2025-03-01T09:38:21.722218+00:00",
      "side": "SELL",
      "price": 586.84,
      "quantity": 100,
      "order_type": "LIMIT"
    },
    {
      "timestamp": "2025-03-01T09:38:22.430256+00:00",
      "side": "BUY",
      "price": 586.42,
      "quantity": 200,
      "order_type": "LIMIT"
    },
    {
      "timestamp": "2025-03-01T09:38:23.611739+00:00",
      "side": "BUY",
      "price": 586.57,
      "quantity": 100,
      "order_type": "LIMIT"
    },
    {
      "timestamp": "2025-03-01T09:38:24.945546+00:00",
      "side": "SELL",
      "price": 586.66,
      "quantity": 100,
      "order_type": "LIMIT"
    },
    {
      "timestamp": "2025-03-01T09:38:26.188268+00:00",
      "side": "SELL",
      "price": 586.56,
      "quantity": 200,
      "order_type": "LIMIT"
    },
    {
      "timestamp": "2025-03-01T09:38:26.326483+00:00",
      "side": "BUY",
      "price": 586.14,
      "quantity": 100,
      "order_type": "LIMIT"
    },
    {
      "timestamp": "2025-03-01T09:38:26.608783+00:00",
      "side": "SELL",
      "price": 586.54,
      "quantity": 100,
      "order_type": "LIMIT"
    },
    {
      "timestamp": "2025-03-01T09:38:28.968878+00:00",
      "side": "SELL",
      "price": 586.39,
      "quantity": 100,
      "order_type": "LIMIT"
    },
    {
      "timestamp": "2025-03-01T09:38:29.233987+00:00",
      "side": "SELL",
      "price": 586.41,
      "quantity": 100,
      "order_type": "LIMIT"
    },
    {
      "timestamp": "2025-03-01T09:38:29.641584+00:00",
      "side": "SELL",
      "price": 586.39,
      "quantity": 100,
      "order_type": "LIMIT"
    },
    {
      "timestamp": "2025-03-01T09:38:29.885561+00:00",
      "side": "SELL",
      "price": 586.28,
      "quantity": 100,
      "order_type": "LIMIT"
    },
    {
      "timestamp": "2025-03-01T09:38:30.775250+00:00",
      "side": "BUY",
      "price": 585.4,
      "quantity": 100,
      "order_type": "LIMIT"
    },
    {
      "timestamp": "2025-03-01T09:38:31.454922+00:00",
      "side": "SELL",
      "price": 586.33,
      "quantity": 100,
      "order_type": "LIMIT"
    },
    {
      "timestamp": "2025-03-01T09:38:32.333790+00:00",
      "side": "SELL",
      "price": 586.23,
      "quantity": 100,
      "order_type": "LIMIT"
    },
    {
      "timestamp": "2025-03-01T09:38:33.821523+00:00",
      "side": "BUY",
      "price": 585.83,
      "quantity": 100,
      "order_type": "LIMIT"
    },
    {
      "timestamp": "2025-03-01T09:38:34.184845+00:00",
      "side": "SELL",
      "price": 586.03,
      "quantity": 100,
      "order_type": "LIMIT"
    },
    {
      "timestamp": "2025-03-01T09:38:34.789279+00:00",
      "side": "BUY",
      "price": 585.67,
      "quantity": 100,
      "order_type": "LIMIT"
    },
    {
      "timestamp": "2025-03-01T09:38:34.849686+00:00",
      "side": "BUY",
      "price": 585.6,
      "quantity": 100,
      "order_type": "LIMIT"
    },
    {
      "timestamp": "2025-03-01T09:38:34.868861+00:00",
      "side": "SELL",
      "price": 585.92,
      "quantity": 200,
      "order_type": "LIMIT"
    },
    {
      "timestamp": "2025-03-01T09:38:34.928976+00:00",
      "side": "SELL",
      "price": 585.86,
      "quantity": 100,
      "order_type": "LIMIT"
    },
    {
      "timestamp": "2025-03-01T09:38:34.942009+00:00",
      "side": "SELL",
      "price": 585.86,
      "quantity": 100,
      "order_type": "LIMIT"
    },
    {
      "timestamp": "2025-03-01T09:38:35.046096+00:00",
      "side": "SELL",
      "price": 585.92,
      "quantity": 100,
      "order_type": "LIMIT"
    },
    {
      "timestamp": "2025-03-01T09:38:35.084802+00:00",
      "side": "SELL",
      "price": 585.97,
      "quantity": 100,
      "order_type": "LIMIT"
    },
    {
      "timestamp": "2025-03-01T09:38:35.602146+00:00",
      "side": "SELL",
      "price": 585.98,
      "quantity": 100,
      "order_type": "LIMIT"
    },
    {
      "timestamp": "2025-03-01T09:38:35.652545+00:00",
      "side": "SELL",
      "price": 586.0,
      "quantity": 100,
      "order_type": "LIMIT"
    },
    {
      "timestamp": "2025-03-01T09:38:35.716961+00:00",
      "side": "SELL",
      "price": 585.98,
      "quantity": 100,
      "order_type": "LIMIT"
    },
    {
      "timestamp": "2025-03-01T09:38:35.760430+00:00",
      "side": "SELL",
      "price": 585.96,
      "quantity": 100,
      "order_type": "LIMIT"
    },
    {
      "timestamp": "2025-03-01T09:38:35.795255+00:00",
      "side": "SELL",
      "price": 586.02,
      "quantity": 100,
      "order_type": "LIMIT"
    },
    {
      "timestamp": "2025-03-01T09:38:35.828902+00:00",
      "side": "SELL",
      "price": 586.02,
      "quantity": 100,
      "order_type": "LIMIT"
    },
    {
      "timestamp": "2025-03-01T09:38:37.483521+00:00",
      "side": "SELL",
      "price": 585.9,
      "quantity": 100,
      "order_type": "LIMIT"
    },
    {
      "timestamp": "2025-03-01T09:38:38.062067+00:00",
      "side": "BUY",
      "price": 585.45,
      "quantity": 200,
      "order_type": "LIMIT"
    },
    {
      "timestamp": "2025-03-01T09:38:38.502034+00:00",
      "side": "SELL",
      "price": 585.96,
      "quantity": 200,
      "order_type": "LIMIT"
    },
    {
      "timestamp": "2025-03-01T09:38:38.528409+00:00",
      "side": "SELL",
      "price": 585.92,
      "quantity": 200,
      "order_type": "LIMIT"
    },
    {
      "timestamp": "2025-03-01T09:38:38.994130+00:00",
      "side": "BUY",
      "price": 585.41,
      "quantity": 100,
      "order_type": "LIMIT"
    },
    {
      "timestamp": "2025-03-01T09:38:41.351816+00:00",
      "side": "BUY",
      "price": 585.68,
      "quantity": 100,
      "order_type": "LIMIT"
    },
    {
      "timestamp": "2025-03-01T09:38:45.699078+00:00",
      "side": "BUY",
      "price": 585.3,
      "quantity": 100,
      "order_type": "LIMIT"
    },
    {
      "timestamp": "2025-03-01T09:38:49.537193+00:00",
      "side": "SELL",
      "price": 585.74,
      "quantity": 100,
      "order_type": "LIMIT"
    },
    {
      "timestamp": "2025-03-01T09:38:51.361274+00:00",
      "side": "BUY",
      "price": 585.47,
      "quantity": 100,
      "order_type": "LIMIT"
    },
    {
      "timestamp": "2025-03-01T09:38:55.157913+00:00",
      "side": "BUY",
      "price": 585.62,
      "quantity": 100,
      "order_type": "LIMIT"
    },
    {
      "timestamp": "2025-03-01T09:38:55.337317+00:00",
      "side": "SELL",
      "price": 586.29,
      "quantity": 200,
      "order_type": "LIMIT"
    },
    {
      "timestamp": "2025-03-01T09:38:56.086464+00:00",
      "side": "SELL",
      "price": 586.17,
      "quantity": 200,
      "order_type": "LIMIT"
    },
    {
      "timestamp": "2025-03-01T09:38:56.147710+00:00",
      "side": "SELL",
      "price": 586.17,
      "quantity": 200,
      "order_type": "LIMIT"
    },
    {
      "timestamp": "2025-03-01T09:38:56.161153+00:00",
      "side": "SELL",
      "price": 586.12,
      "quantity": 200,
      "order_type": "LIMIT"
    },
    {
      "timestamp": "2025-03-01T09:38:56.212960+00:00",
      "side": "SELL",
      "price": 586.17,
      "quantity": 200,
      "order_type": "LIMIT"
    },
    {
      "timestamp": "2025-03-01T09:38:56.282744+00:00",
      "side": "BUY",
      "price": 585.85,
      "quantity": 100,
      "order_type": "LIMIT"
    },
    {
      "timestamp": "2025-03-01T09:38:56.350367+00:00",
      "side": "SELL",
      "price": 586.18,
      "quantity": 200,
      "order_type": "LIMIT"
    },
    {
      "timestamp": "2025-03-01T09:38:56.413563+00:00",
      "side": "SELL",
      "price": 586.18,
      "quantity": 200,
      "order_type": "LIMIT"
    },
    {
      "timestamp": "2025-03-01T09:38:56.941356+00:00",
      "side": "SELL",
      "price": 586.16,
      "quantity": 200,
      "order_type": "LIMIT"
    },
    {
      "timestamp": "2025-03-01T09:38:57.004371+00:00",
      "side": "SELL",
      "price": 586.16,
      "quantity": 200,
      "order_type": "LIMIT"
    },
    {
      "timestamp": "2025-03-01T09:38:57.076379+00:00",
      "side": "SELL",
      "price": 586.16,
      "quantity": 200,
      "order_type": "LIMIT"
    },
    {
      "timestamp": "2025-03-01T09:38:57.171194+00:00",
      "side": "SELL",
      "price": 586.15,
      "quantity": 200,
      "order_type": "LIMIT"
    },
    {
      "timestamp": "2025-03-01T09:38:57.228571+00:00",
      "side": "SELL",
      "price": 586.17,
      "quantity": 200,
      "order_type": "LIMIT"
    },
    {
      "timestamp": "2025-03-01T09:38:57.289515+00:00",
      "side": "SELL",
      "price": 586.17,
      "quantity": 200,
      "order_type": "LIMIT"
    },
    {
      "timestamp": "2025-03-01T09:38:57.362135+00:00",
      "side": "SELL",
      "price": 586.17,
      "quantity": 200,
      "order_type": "LIMIT"
    },
    {
      "timestamp": "2025-03-01T09:38:57.434800+00:00",
      "side": "SELL",
      "price": 586.17,
      "quantity": 200,
      "order_type": "LIMIT"
    },
    {
      "timestamp": "2025-03-01T09:38:57.499321+00:00",
      "side": "SELL",
      "price": 586.16,
      "quantity": 200,
      "order_type": "LIMIT"
    },
    {
      "timestamp": "2025-03-01T09:38:57.565193+00:00",
      "side": "SELL",
      "price": 586.17,
      "quantity": 200,
      "order_type": "LIMIT"
    },
    {
      "timestamp": "2025-03-01T09:38:57.637616+00:00",
      "side": "SELL",
      "price": 586.17,
      "quantity": 200,
      "order_type": "LIMIT"
    },
    {
      "timestamp": "2025-03-01T09:38:57.704148+00:00",
      "side": "BUY",
      "price": 585.87,
      "quantity": 100,
      "order_type": "LIMIT"
    },
    {
      "timestamp": "2025-03-01T09:38:57.762584+00:00",
      "side": "SELL",
      "price": 586.16,
      "quantity": 200,
      "order_type": "LIMIT"
    },
    {
      "timestamp": "2025-03-01T09:38:57.825455+00:00",
      "side": "SELL",
      "price": 586.16,
      "quantity": 200,
      "order_type": "LIMIT"
    },
    {
      "timestamp": "2025-03-01T09:39:00.578608+00:00",
      "side": "SELL",
      "price": 585.97,
      "quantity": 100,
      "order_type": "LIMIT"
    },
    {
      "timestamp": "2025-03-01T09:39:01.214389+00:00",
      "side": "BUY",
      "price": 585.48,
      "quantity": 100,
      "order_type": "LIMIT"
    },
    {
      "timestamp": "2025-03-01T09:39:02.074815+00:00",
      "side": "SELL",
      "price": 585.98,
      "quantity": 18,
      "order_type": "LIMIT"
    },
    {
      "timestamp": "2025-03-01T09:39:03.531096+00:00",
      "side": "SELL",
      "price": 585.92,
      "quantity": 18,
      "order_type": "LIMIT"
    },
    {
      "timestamp": "2025-03-01T09:39:08.310714+00:00",
      "side": "SELL",
      "price": 586.24,
      "quantity": 100,
      "order_type": "LIMIT"
    },
    {
      "timestamp": "2025-03-01T09:39:09.236672+00:00",
      "side": "SELL",
      "price": 586.07,
      "quantity": 18,
      "order_type": "LIMIT"
    },
    {
      "timestamp": "2025-03-01T09:39:09.360036+00:00",
      "side": "SELL",
      "price": 585.99,
      "quantity": 100,
      "order_type": "LIMIT"
    },
    {
      "timestamp": "2025-03-01T09:39:10.394198+00:00",
      "side": "BUY",
      "price": 585.83,
      "quantity": 100,
      "order_type": "LIMIT"
    },
    {
      "timestamp": "2025-03-01T09:39:14.558469+00:00",
      "side": "SELL",
      "price": 585.93,
      "quantity": 100,
      "order_type": "LIMIT"
    },
    {
      "timestamp": "2025-03-01T09:39:15.765389+00:00",
      "side": "SELL",
      "price": 585.92,
      "quantity": 100,
      "order_type": "LIMIT"
    },
    {
      "timestamp": "2025-03-01T09:39:17.694272+00:00",
      "side": "SELL",
      "price": 586.07,
      "quantity": 100,
      "order_type": "LIMIT"
    },
    {
